3246 5314
624 481 821 558 —-.25-

208 717 390 786 Insomnes
416 711 499 785 ludo
523 711 689 802 redeunt3
717 711 779 783 vix
805 710 924 784 fenora
950 710 1052 784 festis

206 885 288 958 Iura
314 891 451 980 negant
477 890 619 955 tantum
644 882 789 979 impune
814 905 974 955 exercere
997 880 1133 956 diebus.

208 1053 303 1149 Ergo
327 1052 482 1125 claustra
508 1051 618 1124 maris
645 1073 721 1124 sese
747 1073 807 1148 per
832 1049 960 1124 dissita
986 1051 1147 1138 mittunt,

209 1226 326 1320 Atque
353 1222 455 1295 sinus
480 1221 573 1294 inter
599 1221 828 1319 scopulosque
853 1221 1002 1320 antiqua
1027 1221 1214 1320 requirunt
1316 1253 1369 1310 445

209 1391 321 1488 Signa
347 1391 468 1465 aculis.
495 1391 617 1464 Eiecta
644 1399 744 1464 vorat
769 1391 841 1464 iam
867 1391 998 1489 pertica
1024 1392 1110 1464 linis

208 1561 384 1634 Piscatrin
409 1561 553 1659 patulis,
581 1560 708 1634 insano
735 1561 874 1647 vortice,
903 1570 1069 1659 pontum3

207 1731 280 1802 Nec
305 1717 453 1829 requies,
481 1730 571 1828 quin
597 1731 653 1802 vel
678 1729 823 1802 redeant
849 1739 1018 1828 congesta
1043 1733 1169 1830 rapina

206 1901 318 1988 Retia,
345 1901 400 1973 vel
426 1924 579 1998 prorsus
607 1899 803 1997 geminatis
829 1899 970 1987 ictibus,
997 1887 1118 1977 ornnes
1221 1957 1230 1978 .

209 2072 347 2145 Sentiat
372 2069 514 2144 effaetas
540 2069 683 2142 tandem
709 2069 927 2167 experientia
952 2080 1085 2145 cautes.

205 2244 276 2312 Ast
301 2248 400 2313 aetas
430 2238 461 2311 si
487 2237 601 2336 prima
627 2237 729 2310 novis
756 2236 893 2311 adolere
918 2248 1054 2336 reperta

204 2407 391 2493 Cornibus
418 2416 453 2479 et
478 2405 609 2479 circum
636 2405 792 2479 nondum
819 2407 950 2480 iactare
977 2408 1140 2497 fluentes

204 2577 409 2652 Seminibus
435 2577 551 2663 cratia,
577 2585 696 2650 tenero
721 2576 764 2648 de
789 2601 927 2675 corpore
951 2603 1077 2665 ramos,

202 2748 286 2820 Non
311 2745 410 2844 prius
434 2745 523 2817 baec
548 2744 656 2817 armis
682 2743 817 2818 tonderi
844 2744 989 2818 arbusta
1015 2746 1189 2844 magister

205 2914 322 3002 Cedit,
349 2940 456 3014 quam
482 2915 583 3011 largo
608 2913 803 3012 pubescant
828 2914 964 2988 semina
990 2905 1096 2988 foetu.

202 3085 321 3168 Quare
346 3082 414 3155 iter
439 3082 478 3153 in
503 3082 595 3156 vetis
621 3083 761 3169 melina,
787 3107 859 3181 qua
886 3083 1033 3158 flatibus
1060 3109 1189 3183 aequor

202 3255 326 3324 Eurus
352 3251 450 3348 agit:
478 3260 607 3324 natura
634 3250 756 3325 subest
781 3251 869 3324 haec
894 3237 1005 3325 insita
1034 3254 1134 3328 saxis

154 3401 161 3414 ⁶
202 3421 358 3508 Scilicet,
385 3429 427 3494 ut
452 3444 543 3519 quae
569 3420 684 3494 fronte
708 3422 837 3519 plagae
864 3430 1052 3495 vertuntur
1077 3446 1158 3497 eoae

202 3594 325 3664 Densa
351 3590 477 3677 ferant,
504 3591 682 3690 citiusque
707 3617 823 3666 comas
850 3591 993 3666 educere
1018 3591 1149 3666 donent

201 3759 368 3834 Coraliis.
395 3761 473 3845 Qua
499 3759 652 3859 primum
678 3759 788 3833 Indus
813 3760 958 3858 regione
984 3761 1120 3835 salutat

200 3932 345 4046 Solem,
360 3930 471 4005 fertur
497 3933 593 4018 item,
620 3956 679 4004 ora
705 3955 848 4034 movens
874 3931 1063 4005 inolescere
1088 3932 1231 4019 concha,

200 4102 255 4172 Et
281 4122 397 4172 reseas
422 4125 544 4198 quum,
571 4100 649 4172 luce
675 4123 775 4185 nova,
803 4099 910 4170 micat
937 4099 1060 4171 aethra
1086 4124 1146 4197 per
1172 4099 1298 4186 undas,

198 4266 437 4341 Gemmifercs
463 4267 595 4340 satiata
623 4266 724 4339 sinus
750 4265 973 4364 genitalibus
1000 4266 1109 4352 auria,
