<?xml version="1.0" encoding="UTF-8"?>
<!DOCTYPE html PUBLIC "-//W3C//DTD XHTML 1.0 Transitional//EN"
    "http://www.w3.org/TR/xhtml1/DTD/xhtml1-transitional.dtd">
<html xmlns="http://www.w3.org/1999/xhtml" xml:lang="en" lang="en">
 <head>
  <title>
</title>
<meta http-equiv="Content-Type" content="text/html;charset=utf-8" />
  <meta name='ocr-system' content='tesseract 3.04.00' />
  <meta name='ocr-capabilities' content='ocr_page ocr_carea ocr_par ocr_line ocrx_word'/>
</head>
<body>
  <div class='ocr_page' id='page_1' title='image "./franciscitranqu00moltgoog_0042.png"; bbox 0 0 3246 5314; ppageno 0'>
   <div class='ocr_carea' id='block_1_1' title="bbox 644 440 952 552">
    <p class='ocr_par' dir='ltr' id='par_1_1' title="bbox 644 440 952 552">
     <span class='ocr_line' id='line_1_1' title="bbox 644 440 952 552; baseline -0.006 -42"><span class='ocrx_word' id='word_1_1' title='bbox 644 440 840 510; x_wconf 76' lang='lat'>-27—</span> <span class='ocrx_word' id='word_1_2' title='bbox 945 441 952 552; x_wconf 25' lang='lat' dir='ltr'>fl&#39;</span> 
     </span>
    </p>
   </div>
   <div class='ocr_carea' id='block_1_2' title="bbox 218 667 1403 3646">
    <p class='ocr_par' dir='ltr' id='par_1_2' title="bbox 234 667 1124 767">
     <span class='ocr_line' id='line_1_2' title="bbox 234 667 1124 767; baseline 0.007 -28"><span class='ocrx_word' id='word_1_3' title='bbox 234 667 326 741; x_wconf 88' lang='lat' dir='ltr'>Hinc</span> <span class='ocrx_word' id='word_1_4' title='bbox 352 667 445 740; x_wconf 89' lang='lat' dir='ltr'>aliae</span> <span class='ocrx_word' id='word_1_5' title='bbox 470 668 601 767; x_wconf 90' lang='lat' dir='ltr'>pariter</span> <span class='ocrx_word' id='word_1_6' title='bbox 628 668 709 742; x_wconf 81' lang='lat' dir='ltr'>forti</span> <span class='ocrx_word' id='word_1_7' title='bbox 736 668 826 741; x_wconf 87' lang='lat' dir='ltr'>freta</span> <span class='ocrx_word' id='word_1_8' title='bbox 854 669 988 766; x_wconf 82' lang='lat' dir='ltr'>remige</span> <span class='ocrx_word' id='word_1_9' title='bbox 1014 693 1124 746; x_wconf 91' lang='lat' dir='ltr'>naves</span> 
     </span>
    </p>

    <p class='ocr_par' dir='ltr' id='par_1_3' title="bbox 233 837 1403 1096">
     <span class='ocr_line' id='line_1_3' title="bbox 235 837 1403 936; baseline 0.005 -28"><span class='ocrx_word' id='word_1_10' title='bbox 235 839 346 909; x_wconf 87' lang='lat' dir='ltr'>Saeva</span> <span class='ocrx_word' id='word_1_11' title='bbox 372 845 469 910; x_wconf 88' lang='lat' dir='ltr'>secet</span> <span class='ocrx_word' id='word_1_12' title='bbox 495 837 638 935; x_wconf 87' lang='lat' dir='ltr'>Taphri&#39;.</span> <span class='ocrx_word' id='word_1_13' title='bbox 666 839 745 910; x_wconf 91' lang='lat' dir='ltr'>Non</span> <span class='ocrx_word' id='word_1_14' title='bbox 774 838 919 936; x_wconf 85' lang='lat' dir='ltr'>insuper</span> <span class='ocrx_word' id='word_1_15' title='bbox 946 839 1020 910; x_wconf 85' lang='lat' dir='ltr'>ulia</span> <span class='ocrx_word' id='word_1_16' title='bbox 1045 838 1205 913; x_wconf 88' lang='lat' dir='ltr'>laborum</span> <span class='ocrx_word' id='word_1_17' title='bbox 1349 867 1403 921; x_wconf 75' lang='lat'>485</span> 
     </span>
     <span class='ocr_line' id='line_1_4' title="bbox 233 1006 1112 1096; baseline 0.006 -18"><span class='ocrx_word' id='word_1_18' title='bbox 233 1007 363 1080; x_wconf 88' lang='lat' dir='ltr'>Lentat</span> <span class='ocrx_word' id='word_1_19' title='bbox 389 1007 455 1080; x_wconf 88' lang='lat' dir='ltr'>iter</span> <span class='ocrx_word' id='word_1_20' title='bbox 481 1006 609 1081; x_wconf 86' lang='lat' dir='ltr'>facies:</span> <span class='ocrx_word' id='word_1_21' title='bbox 638 1007 819 1081; x_wconf 89' lang='lat' dir='ltr'>sedenim</span> <span class='ocrx_word' id='word_1_22' title='bbox 845 1009 994 1082; x_wconf 87' lang='lat' dir='ltr'>velocior</span> <span class='ocrx_word' id='word_1_23' title='bbox 1019 1033 1112 1096; x_wconf 90' lang='lat' dir='ltr'>euro,</span> 
     </span>
    </p>

    <p class='ocr_par' dir='ltr' id='par_1_4' title="bbox 234 1173 1121 1274">
     <span class='ocr_line' id='line_1_5' title="bbox 234 1173 1121 1274; baseline 0.005 -28"><span class='ocrx_word' id='word_1_24' title='bbox 234 1173 384 1248; x_wconf 86' lang='lat' dir='ltr'>Eminus</span> <span class='ocrx_word' id='word_1_25' title='bbox 411 1176 537 1249; x_wconf 90' lang='lat' dir='ltr'>electro</span> <span class='ocrx_word' id='word_1_26' title='bbox 562 1176 682 1274; x_wconf 82' lang='lat' dir='ltr'>pelagi</span> <span class='ocrx_word' id='word_1_27' title='bbox 708 1175 875 1249; x_wconf 84' lang='lat' dir='ltr'>fluitante</span> <span class='ocrx_word' id='word_1_28' title='bbox 901 1175 969 1250; x_wconf 93' lang='lat' dir='ltr'>sub</span> <span class='ocrx_word' id='word_1_29' title='bbox 994 1176 1121 1264; x_wconf 78' lang='lat' dir='ltr'>undae,</span> 
     </span>
    </p>

    <p class='ocr_par' dir='ltr' id='par_1_5' title="bbox 233 1343 1231 1444">
     <span class='ocr_line' id='line_1_6' title="bbox 233 1343 1231 1444; baseline 0.004 -28"><span class='ocrx_word' id='word_1_30' title='bbox 233 1344 431 1417; x_wconf 80' lang='lat' dir='ltr'><strong>Praecurrit</strong></span> <span class='ocrx_word' id='word_1_31' title='bbox 456 1343 562 1430; x_wconf 81' lang='lat' dir='ltr'>fama,</span> <span class='ocrx_word' id='word_1_32' title='bbox 589 1345 660 1419; x_wconf 93' lang='lat' dir='ltr'>imo</span> <span class='ocrx_word' id='word_1_33' title='bbox 685 1345 805 1443; x_wconf 89' lang='lat' dir='ltr'>procul</span> <span class='ocrx_word' id='word_1_34' title='bbox 831 1345 903 1417; x_wconf 89' lang='lat' dir='ltr'>iam</span> <span class='ocrx_word' id='word_1_35' title='bbox 929 1345 1008 1418; x_wconf 82' lang='lat' dir='ltr'>visa</span> <span class='ocrx_word' id='word_1_36' title='bbox 1033 1369 1094 1444; x_wconf 91' lang='lat' dir='ltr'>per</span> <span class='ocrx_word' id='word_1_37' title='bbox 1118 1348 1231 1420; x_wconf 86' lang='lat' dir='ltr'>altum</span> 
     </span>
    </p>

    <p class='ocr_par' dir='ltr' id='par_1_6' title="bbox 230 1514 1179 1590">
     <span class='ocr_line' id='line_1_7' title="bbox 230 1514 1179 1590; baseline 0.003 -4"><span class='ocrx_word' id='word_1_38' title='bbox 230 1515 368 1588; x_wconf 79' lang='lat' dir='ltr'>Lintea.</span> <span class='ocrx_word' id='word_1_39' title='bbox 394 1514 549 1588; x_wconf 89' lang='lat' dir='ltr'>Laetitia</span> <span class='ocrx_word' id='word_1_40' title='bbox 574 1524 729 1588; x_wconf 90' lang='lat' dir='ltr'>matrum</span> <span class='ocrx_word' id='word_1_41' title='bbox 754 1515 881 1589; x_wconf 92' lang='lat' dir='ltr'>chorus</span> <span class='ocrx_word' id='word_1_42' title='bbox 908 1516 1023 1590; x_wconf 92' lang='lat' dir='ltr'>omnis</span> <span class='ocrx_word' id='word_1_43' title='bbox 1049 1516 1179 1589; x_wconf 87' lang='lat' dir='ltr'>anhela</span> 
     </span>
    </p>

    <p class='ocr_par' dir='ltr' id='par_1_7' title="bbox 231 1683 1397 1951">
     <span class='ocr_line' id='line_1_8' title="bbox 231 1683 1397 1782; baseline 0.003 -27"><span class='ocrx_word' id='word_1_44' title='bbox 231 1685 407 1757; x_wconf 89' lang='lat' dir='ltr'>Littoreas</span> <span class='ocrx_word' id='word_1_45' title='bbox 432 1684 603 1782; x_wconf 89' lang='lat' dir='ltr'>complere</span> <span class='ocrx_word' id='word_1_46' title='bbox 629 1684 718 1770; x_wconf 81' lang='lat' dir='ltr'>vias,</span> <span class='ocrx_word' id='word_1_47' title='bbox 746 1693 853 1781; x_wconf 90' lang='lat' dir='ltr'>atque</span> <span class='ocrx_word' id='word_1_48' title='bbox 879 1683 1015 1757; x_wconf 89' lang='lat' dir='ltr'>innuba</span> <span class='ocrx_word' id='word_1_49' title='bbox 1040 1684 1153 1782; x_wconf 89' lang='lat' dir='ltr'>proles</span> <span class='ocrx_word' id='word_1_50' title='bbox 1343 1713 1397 1766; x_wconf 80' lang='lat'>490</span> 
     </span>
     <span class='ocr_line' id='line_1_9' title="bbox 232 1841 1137 1951; baseline 0 -27"><span class='ocrx_word' id='word_1_51' title='bbox 232 1854 433 1950; x_wconf 86' lang='lat' dir='ltr'>Exceptura</span> <span class='ocrx_word' id='word_1_52' title='bbox 459 1877 551 1931; x_wconf 79' lang='lat' dir='ltr'>suos.</span> <span class='ocrx_word' id='word_1_53' title='bbox 579 1876 660 1950; x_wconf 89' lang='lat' dir='ltr'>qua,</span> <span class='ocrx_word' id='word_1_54' title='bbox 689 1851 793 1924; x_wconf 85' lang='lat' dir='ltr'>iactis</span> <span class='ocrx_word' id='word_1_55' title='bbox 819 1850 997 1949; x_wconf 85' lang='lat' dir='ltr'>pontibus,</span> <span class='ocrx_word' id='word_1_56' title='bbox 1024 1841 1137 1951; x_wconf 87' lang='lat' dir='ltr'>aequa</span> 
     </span>
    </p>

    <p class='ocr_par' dir='ltr' id='par_1_8' title="bbox 229 1997 1315 2287">
     <span class='ocr_line' id='line_1_10' title="bbox 231 1997 1315 2119; baseline 0.003 -27"><span class='ocrx_word' id='word_1_57' title='bbox 231 2022 396 2095; x_wconf 87' lang='lat' dir='ltr'>Plaustra</span> <span class='ocrx_word' id='word_1_58' title='bbox 422 2020 544 2107; x_wconf 82' lang='lat' dir='ltr'>trahit,</span> <span class='ocrx_word' id='word_1_59' title='bbox 570 2021 714 2118; x_wconf 82' lang='lat' dir='ltr'>gemino</span> <span class='ocrx_word' id='word_1_60' title='bbox 738 2045 798 2119; x_wconf 91' lang='lat' dir='ltr'>per</span> <span class='ocrx_word' id='word_1_61' title='bbox 824 2029 977 2094; x_wconf 88' lang='lat' dir='ltr'>stratum</span> <span class='ocrx_word' id='word_1_62' title='bbox 1003 2021 1148 2094; x_wconf 80' lang='lat' dir='ltr'>tramite</span> <span class='ocrx_word' id='word_1_63' title='bbox 1174 1997 1315 2109; x_wconf 84' lang='lat' dir='ltr'>ferrirm,</span> 
     </span>
     <span class='ocr_line' id='line_1_11' title="bbox 229 2188 1235 2287; baseline -0.002 -24"><span class='ocrx_word' id='word_1_64' title='bbox 229 2189 402 2264; x_wconf 83' lang='lat' dir='ltr'>Mulciber</span> <span class='ocrx_word' id='word_1_65' title='bbox 428 2191 609 2265; x_wconf 90' lang='lat' dir='ltr'>insultans</span> <span class='ocrx_word' id='word_1_66' title='bbox 635 2189 773 2287; x_wconf 72' lang='lat' dir='ltr'>spatiis</span> <span class='ocrx_word' id='word_1_67' title='bbox 801 2188 929 2263; x_wconf 85' lang='lat' dir='ltr'>Castra</span> <span class='ocrx_word' id='word_1_68' title='bbox 954 2212 1068 2286; x_wconf 90' lang='lat' dir='ltr'>usque</span> <span class='ocrx_word' id='word_1_69' title='bbox 1093 2197 1235 2262; x_wconf 89' lang='lat' dir='ltr'>vetusta</span> 
     </span>
    </p>

    <p class='ocr_par' dir='ltr' id='par_1_9' title="bbox 223 2314 1392 2798">
     <span class='ocr_line' id='line_1_12' title="bbox 227 2314 1356 2458; baseline -0.004 -26"><span class='ocrx_word' id='word_1_70' title='bbox 227 2360 358 2435; x_wconf 83' lang='lat' dir='ltr'>Polluti</span> <span class='ocrx_word' id='word_1_71' title='bbox 384 2314 571 2458; x_wconf 87' lang='lat' dir='ltr'>quondam,</span> <span class='ocrx_word' id='word_1_72' title='bbox 597 2368 639 2432; x_wconf 90' lang='lat' dir='ltr'>ut</span> <span class='ocrx_word' id='word_1_73' title='bbox 668 2358 764 2431; x_wconf 87' lang='lat' dir='ltr'>fama</span> <span class='ocrx_word' id='word_1_74' title='bbox 789 2366 854 2444; x_wconf 89' lang='lat' dir='ltr'>est,</span> <span class='ocrx_word' id='word_1_75' title='bbox 883 2356 1099 2430; x_wconf 85' lang='lat' dir='ltr'>monimenta</span> <span class='ocrx_word' id='word_1_76' title='bbox 1125 2355 1325 2457; x_wconf 85' lang='lat' dir='ltr'>hymenaei.</span> <span class='ocrx_word' id='word_1_77' title='bbox 1352 2356 1356 2372; x_wconf 64' lang='lat'><em>⁴</em></span> 
     </span>
     <span class='ocr_line' id='line_1_13' title="bbox 226 2527 1392 2626; baseline -0.002 -24"><span class='ocrx_word' id='word_1_78' title='bbox 226 2529 362 2602; x_wconf 84' lang='lat' dir='ltr'>Defixis</span> <span class='ocrx_word' id='word_1_79' title='bbox 388 2528 542 2616; x_wconf 86' lang='lat' dir='ltr'>inhiant,</span> <span class='ocrx_word' id='word_1_80' title='bbox 569 2528 690 2616; x_wconf 89' lang='lat' dir='ltr'>oculis,</span> <span class='ocrx_word' id='word_1_81' title='bbox 716 2551 892 2626; x_wconf 88' lang='lat' dir='ltr'>auresque</span> <span class='ocrx_word' id='word_1_82' title='bbox 917 2527 1067 2600; x_wconf 87' lang='lat' dir='ltr'>iacentis</span> <span class='ocrx_word' id='word_1_83' title='bbox 1336 2555 1392 2611; x_wconf 79' lang='lat'>495</span> 
     </span>
     <span class='ocr_line' id='line_1_14' title="bbox 223 2698 1142 2798; baseline 0.001 -27"><span class='ocrx_word' id='word_1_84' title='bbox 223 2699 397 2798; x_wconf 88' lang='lat' dir='ltr'>Aequoris</span> <span class='ocrx_word' id='word_1_85' title='bbox 424 2700 602 2772; x_wconf 78' lang='lat' dir='ltr'>incusant.</span> <span class='ocrx_word' id='word_1_86' title='bbox 628 2698 785 2771; x_wconf 83' lang='lat' dir='ltr'>Tandem</span> <span class='ocrx_word' id='word_1_87' title='bbox 812 2698 963 2796; x_wconf 83' lang='lat' dir='ltr'>tetigere</span> <span class='ocrx_word' id='word_1_88' title='bbox 989 2698 1142 2772; x_wconf 86' lang='lat' dir='ltr'>secundo</span> 
     </span>
    </p>

    <p class='ocr_par' dir='ltr' id='par_1_10' title="bbox 222 2867 1116 2966">
     <span class='ocr_line' id='line_1_15' title="bbox 222 2867 1116 2966; baseline 0 -24"><span class='ocrx_word' id='word_1_89' title='bbox 222 2869 385 2943; x_wconf 82' lang='lat' dir='ltr'>Flamina</span> <span class='ocrx_word' id='word_1_90' title='bbox 411 2870 484 2942; x_wconf 91' lang='lat' dir='ltr'>iam</span> <span class='ocrx_word' id='word_1_91' title='bbox 510 2893 620 2942; x_wconf 90' lang='lat' dir='ltr'>naves</span> <span class='ocrx_word' id='word_1_92' title='bbox 645 2891 742 2954; x_wconf 89' lang='lat' dir='ltr'>usae,</span> <span class='ocrx_word' id='word_1_93' title='bbox 773 2867 948 2966; x_wconf 89' lang='lat' dir='ltr'>sertisque</span> <span class='ocrx_word' id='word_1_94' title='bbox 973 2867 1116 2943; x_wconf 87' lang='lat' dir='ltr'>decorae</span> 
     </span>
    </p>

    <p class='ocr_par' dir='ltr' id='par_1_11' title="bbox 221 3035 1134 3144">
     <span class='ocr_line' id='line_1_16' title="bbox 221 3035 1134 3144; baseline -0.001 -34"><span class='ocrx_word' id='word_1_95' title='bbox 221 3039 368 3112; x_wconf 89' lang='lat' dir='ltr'>Littera.</span> <span class='ocrx_word' id='word_1_96' title='bbox 395 3038 619 3144; x_wconf 83' lang='lat' dir='ltr'>Concurrunt</span> <span class='ocrx_word' id='word_1_97' title='bbox 645 3059 776 3122; x_wconf 88' lang='lat' dir='ltr'>omnes,</span> <span class='ocrx_word' id='word_1_98' title='bbox 804 3035 973 3135; x_wconf 88' lang='lat' dir='ltr'>variaque</span> <span class='ocrx_word' id='word_1_99' title='bbox 1000 3037 1134 3110; x_wconf 86' lang='lat' dir='ltr'>vocatis</span> 
     </span>
    </p>

    <p class='ocr_par' dir='ltr' id='par_1_12' title="bbox 218 3206 1387 3646">
     <span class='ocr_line' id='line_1_17' title="bbox 221 3206 1278 3305; baseline 0 -26"><span class='ocrx_word' id='word_1_100' title='bbox 221 3212 326 3294; x_wconf 87' lang='lat' dir='ltr'>Voce,</span> <span class='ocrx_word' id='word_1_101' title='bbox 354 3216 452 3280; x_wconf 90' lang='lat' dir='ltr'>tener</span> <span class='ocrx_word' id='word_1_102' title='bbox 477 3232 586 3305; x_wconf 89' lang='lat' dir='ltr'>quam</span> <span class='ocrx_word' id='word_1_103' title='bbox 606 3206 719 3305; x_wconf 82' lang='lat' dir='ltr'>&#39;fingit</span> <span class='ocrx_word' id='word_1_104' title='bbox 745 3230 850 3292; x_wconf 88' lang='lat' dir='ltr'>amor,</span> <span class='ocrx_word' id='word_1_105' title='bbox 880 3206 977 3278; x_wconf 89' lang='lat' dir='ltr'>mille</span> <span class='ocrx_word' id='word_1_106' title='bbox 1002 3207 1122 3296; x_wconf 88' lang='lat' dir='ltr'>oscula</span> <span class='ocrx_word' id='word_1_107' title='bbox 1149 3207 1278 3304; x_wconf 83' lang='lat' dir='ltr'>figunt,</span> 
     </span>
     <span class='ocr_line' id='line_1_18' title="bbox 222 3377 1387 3476; baseline -0.003 -24"><span class='ocrx_word' id='word_1_108' title='bbox 222 3379 504 3476; x_wconf 87' lang='lat' dir='ltr'>Complexaeque</span> <span class='ocrx_word' id='word_1_109' title='bbox 529 3377 649 3450; x_wconf 81' lang='lat' dir='ltr'>fovent</span> <span class='ocrx_word' id='word_1_110' title='bbox 673 3385 805 3450; x_wconf 90' lang='lat' dir='ltr'>matres</span> <span class='ocrx_word' id='word_1_111' title='bbox 831 3385 867 3449; x_wconf 88' lang='lat' dir='ltr'>et</span> <span class='ocrx_word' id='word_1_112' title='bbox 892 3378 1025 3474; x_wconf 84' lang='lat' dir='ltr'>vulgus</span> <span class='ocrx_word' id='word_1_113' title='bbox 1052 3377 1236 3450; x_wconf 88' lang='lat' dir='ltr'>inermum.</span> <span class='ocrx_word' id='word_1_114' title='bbox 1332 3403 1387 3458; x_wconf 86' lang='lat'>500</span> 
     </span>
     <span class='ocr_line' id='line_1_19' title="bbox 218 3546 1162 3646; baseline -0.001 -26"><span class='ocrx_word' id='word_1_115' title='bbox 218 3547 319 3620; x_wconf 87' lang='lat' dir='ltr'>Illicc</span> <span class='ocrx_word' id='word_1_116' title='bbox 344 3558 379 3621; x_wconf 90' lang='lat' dir='ltr'>et</span> <span class='ocrx_word' id='word_1_117' title='bbox 405 3549 585 3646; x_wconf 83' lang='lat' dir='ltr'>ingenuae</span> <span class='ocrx_word' id='word_1_118' title='bbox 610 3556 741 3620; x_wconf 87' lang='lat' dir='ltr'>nautae</span> <span class='ocrx_word' id='word_1_119' title='bbox 770 3570 831 3645; x_wconf 89' lang='lat' dir='ltr'>per</span> <span class='ocrx_word' id='word_1_120' title='bbox 855 3546 990 3644; x_wconf 82' lang='lat' dir='ltr'>gaudia</span> <span class='ocrx_word' id='word_1_121' title='bbox 1016 3571 1162 3645; x_wconf 90' lang='lat' dir='ltr'>pompae</span> 
     </span>
    </p>
   </div>
   <div class='ocr_carea' id='block_1_3' title="bbox 218 3716 1073 3815">
    <p class='ocr_par' dir='ltr' id='par_1_13' title="bbox 218 3716 1073 3815">
     <span class='ocr_line' id='line_1_20' title="bbox 218 3716 1073 3815; baseline -0.002 -25"><span class='ocrx_word' id='word_1_122' title='bbox 218 3717 358 3790; x_wconf 84' lang='lat' dir='ltr'>Servati</span> <span class='ocrx_word' id='word_1_123' title='bbox 384 3721 534 3814; x_wconf 85' lang='lat' dir='ltr'>Superos</span> <span class='ocrx_word' id='word_1_124' title='bbox 561 3717 732 3815; x_wconf 88' lang='lat' dir='ltr'>promisso</span> <span class='ocrx_word' id='word_1_125' title='bbox 759 3741 903 3790; x_wconf 89' lang='lat' dir='ltr'>munere</span> <span class='ocrx_word' id='word_1_126' title='bbox 930 3716 1073 3790; x_wconf 86' lang='lat' dir='ltr'>donant.</span> 
     </span>
    </p>
   </div>
   <div class='ocr_carea' id='block_1_4' title="bbox 57 3967 1384 3992">
    <p class='ocr_par' dir='ltr' id='par_1_14' title="bbox 57 3967 1384 3992">
     <span class='ocr_line' id='line_1_21' title="bbox 57 3967 1384 3992; baseline -0.005 -10"><span class='ocrx_word' id='word_1_127' title='bbox 57 3975 306 3992; x_wconf 64' lang='lat'><strong>...—-·—---—-**·</strong></span> <span class='ocrx_word' id='word_1_128' title='bbox 317 3974 481 3980; x_wconf 73' lang='lat'><em>---..----—</em></span> <span class='ocrx_word' id='word_1_129' title='bbox 489 3973 522 3979; x_wconf 88' lang='lat'><em>.....</em></span> <span class='ocrx_word' id='word_1_130' title='bbox 530 3973 553 3978; x_wconf 84' lang='lat'>-.</span> <span class='ocrx_word' id='word_1_131' title='bbox 561 3974 567 3978; x_wconf 87' lang='lat'><em>.</em></span> <span class='ocrx_word' id='word_1_132' title='bbox 574 3974 616 3978; x_wconf 85' lang='lat'>...--..</span> <span class='ocrx_word' id='word_1_133' title='bbox 623 3971 991 3979; x_wconf 64' lang='lat'>....-.-.-.-..--..--.0.---—-.-...</span> <span class='ocrx_word' id='word_1_134' title='bbox 997 3967 1384 3976; x_wconf 74' lang='lat'><em>.-—-.————-——----.</em></span> 
     </span>
    </p>
   </div>
   <div class='ocr_carea' id='block_1_5' title="bbox 48 4105 1379 4305">
    <p class='ocr_par' dir='ltr' id='par_1_15' title="bbox 48 4105 1379 4305">
     <span class='ocr_line' id='line_1_22' title="bbox 106 4105 1379 4172; baseline -0.011 -10"><span class='ocrx_word' id='word_1_135' title='bbox 106 4120 138 4162; x_wconf 93' lang='lat' dir='ltr'>V.</span> <span class='ocrx_word' id='word_1_136' title='bbox 155 4113 202 4161; x_wconf 83' lang='grc'>493</span> <span class='ocrx_word' id='word_1_137' title='bbox 207 4111 265 4156; x_wconf 86' lang='grc'><strong>-94.</strong></span> <span class='ocrx_word' id='word_1_138' title='bbox 280 4109 454 4160; x_wconf 76' lang='grc'><strong>0111111111,</strong></span> <span class='ocrx_word' id='word_1_139' title='bbox 469 4117 578 4160; x_wconf 88' lang='lat' dir='ltr'>quorum</span> <span class='ocrx_word' id='word_1_140' title='bbox 592 4108 716 4162; x_wconf 85' lang='lat' dir='ltr'>reliquiae</span> <span class='ocrx_word' id='word_1_141' title='bbox 730 4111 792 4152; x_wconf 85' lang='lat' dir='ltr'>sunt</span> <span class='ocrx_word' id='word_1_142' title='bbox 806 4111 832 4152; x_wconf 87' lang='lat' dir='ltr'>in</span> <span class='ocrx_word' id='word_1_143' title='bbox 848 4109 936 4151; x_wconf 86' lang='lat' dir='ltr'>littora</span> <span class='ocrx_word' id='word_1_144' title='bbox 951 4106 1036 4172; x_wconf 46' lang='lat' dir='ltr'>maria,¹</span> <span class='ocrx_word' id='word_1_145' title='bbox 1052 4105 1146 4156; x_wconf 77' lang='lat' dir='ltr'>nobilia</span> <span class='ocrx_word' id='word_1_146' title='bbox 1160 4116 1264 4150; x_wconf 83' lang='lat' dir='ltr'>evasere</span> <span class='ocrx_word' id='word_1_147' title='bbox 1277 4115 1379 4150; x_wconf 83' lang='lat' dir='ltr'>accessu</span> 
     </span>
     <span class='ocr_line' id='line_1_23' title="bbox 49 4176 1379 4234; baseline -0.012 -1"><span class='ocrx_word' id='word_1_148' title='bbox 49 4193 75 4233; x_wconf 89' lang='lat' dir='ltr'>et</span> <span class='ocrx_word' id='word_1_149' title='bbox 92 4181 295 4232; x_wconf 83' lang='lat' dir='ltr'>consuetudine</span> <span class='ocrx_word' id='word_1_150' title='bbox 315 4177 413 4222; x_wconf 74' lang='lat' dir='ltr'>Aliensi</span> <span class='ocrx_word' id='word_1_151' title='bbox 428 4178 499 4220; x_wconf 88' lang='lat' dir='ltr'>iliius</span> <span class='ocrx_word' id='word_1_152' title='bbox 513 4179 670 4233; x_wconf 83' lang='lat' dir='ltr'>Magnanimi</span> <span class='ocrx_word' id='word_1_153' title='bbox 685 4178 912 4234; x_wconf 82' lang='lat' dir='ltr'>Neapolitanorum</span> <span class='ocrx_word' id='word_1_154' title='bbox 926 4176 996 4232; x_wconf 80' lang='lat' dir='ltr'>ragis</span> <span class='ocrx_word' id='word_1_155' title='bbox 1011 4187 1070 4219; x_wconf 90' lang='lat' dir='ltr'>cum</span> <span class='ocrx_word' id='word_1_156' title='bbox 1085 4177 1205 4220; x_wconf 87' lang='lat' dir='ltr'>Lucretia</span> <span class='ocrx_word' id='word_1_157' title='bbox 1225 4178 1256 4221; x_wconf 85' lang='lat' dir='ltr'>ab</span> <span class='ocrx_word' id='word_1_158' title='bbox 1271 4177 1379 4221; x_wconf 83' lang='lat' dir='ltr'>Ailanio.</span> 
     </span>
     <span class='ocr_line' id='line_1_24' title="bbox 48 4247 1371 4305; baseline -0.014 0"><span class='ocrx_word' id='word_1_159' title='bbox 48 4261 154 4305; x_wconf 84' lang='lat' dir='ltr'>Extant</span> <span class='ocrx_word' id='word_1_160' title='bbox 171 4256 262 4302; x_wconf 79' lang='lat' dir='ltr'>adhuc</span> <span class='ocrx_word' id='word_1_161' title='bbox 277 4253 333 4294; x_wconf 83' lang='lat' dir='ltr'>tres</span> <span class='ocrx_word' id='word_1_162' title='bbox 346 4250 498 4305; x_wconf 78' lang='lat' dir='ltr'>angiportus</span> <span class='ocrx_word' id='word_1_163' title='bbox 513 4249 601 4293; x_wconf 83' lang='lat' dir='ltr'>Turris</span> <span class='ocrx_word' id='word_1_164' title='bbox 612 4249 732 4304; x_wconf 72' lang='lat' dir='ltr'>octavae,</span> <span class='ocrx_word' id='word_1_165' title='bbox 747 4251 842 4304; x_wconf 85' lang='lat' dir='ltr'>quibus</span> <span class='ocrx_word' id='word_1_166' title='bbox 856 4259 947 4293; x_wconf 84' lang='lat' dir='ltr'>nomen</span> <span class='ocrx_word' id='word_1_167' title='bbox 961 4248 1081 4302; x_wconf 80' lang='lat' dir='ltr'>inditum,</span> <span class='ocrx_word' id='word_1_168' title='bbox 1098 4247 1153 4292; x_wconf 81' lang='lat' dir='ltr'>Orti</span> <span class='ocrx_word' id='word_1_169' title='bbox 1166 4247 1232 4292; x_wconf 82' lang='lat' dir='ltr'>della</span> <span class='ocrx_word' id='word_1_170' title='bbox 1250 4248 1371 4295; x_wconf 76' lang='lat' dir='ltr'>Oontcrro.</span> 
     </span>
    </p>
   </div>
   <div class='ocr_carea' id='block_1_6' title="bbox 0 0 1628 5314">
    <p class='ocr_par' dir='ltr' id='par_1_16' title="bbox 0 0 1628 5314">
     <span class='ocr_line' id='line_1_25' title="bbox 0 0 1628 5314; baseline 0 4"><span class='ocrx_word' id='word_1_171' title='bbox 0 0 1628 5314; x_wconf 95' lang='lat' dir='ltr'> </span> 
     </span>
    </p>
   </div>
  </div>
 </body>
</html>
