3246 5314
623 429 821 500 „43-

213 665 270 734 Tu
295 660 401 733 tellus
429 659 505 732 sine
531 658 624 731 nube
653 659 752 730 ferax
778 654 955 755 plantaria
981 654 1093 752 prima

213 835 357 904 Invexti
382 829 464 915 late,
491 827 620 904 Phario
645 827 731 902 dum
756 827 844 901 forte
870 825 1062 898 manebant

215 996 413 1069 Incolumes
441 994 526 1092 solio
552 1017 674 1092 reges3
700 1003 787 1067 tunc
812 993 949 1092 inclyta
975 993 1079 1065 rebus

216 1165 328 1236 Fama
354 1162 434 1248 fuit,
463 1162 646 1259 sociaeque
671 1160 738 1234 tibi
765 1160 970 1234 commercia
996 1160 1101 1232 vitae.

215 1332 352 1420 Qualis,
379 1355 439 1429 per
464 1332 609 1428 longam
639 1330 756 1404 subito
782 1330 839 1402 cui
865 1354 1004 1428 corpora
1030 1337 1165 1403 noctem

214 1497 463 1586 Procumbunt,
492 1498 665 1596 segnique
690 1497 807 1570 iacent
832 1498 986 1571 resoluta
1014 1521 1142 1599 sopore,

215 1671 333 1753 Quum
359 1669 422 1742 leti
446 1693 485 1743 os
511 1668 653 1743 imitata
678 1668 780 1766 quies
805 1665 1048 1765 complectitur
1073 1679 1174 1740 artus

214 1837 387 1935 Obstupet
411 1838 573 1929 excussis
599 1837 742 1912 tandem
768 1838 977 1936 torporibus,
1004 1845 1110 1934 atque

213 2005 353 2080 Inscius
378 2005 545 2080 adversas
571 2006 692 2080 haeret
718 2031 778 2105 per
803 2007 951 2081 luminis
978 2033 1128 2099 auras3,
1325 2035 1379 2090 280

214 2171 319 2244 Haud
345 2195 445 2244 secus
472 2171 617 2270 ignavis
644 2172 714 2245 iam
742 2181 794 2246 tot
820 2172 1043 2246 volventibus
1070 2173 1177 2246 annis

215 2338 392 2413 Continuo
417 2339 546 2416 mirata
574 2339 678 2425 vices,
710 2338 879 2440 adsurgis
905 2339 1011 2412 inerti

216 2507 301 2580 Vita
327 2507 474 2580 iterum:
502 2508 646 2582 meliora
672 2515 818 2580 manent
843 2516 878 2581 te
904 2507 978 2582 fata
1004 2515 1205 2584 merentem.

217 2677 378 2750 Avulsus
403 2678 493 2751 mihi
519 2678 622 2752 testis
649 2676 751 2751 adest
776 2677 847 2750 iam
875 2677 1040 2750 funditus
1066 2677 1236 2762 Isthmus,

212 2849 393 2921 Hactenus
419 2847 572 2924 Arabiae
596 2857 690 2922 meta
716 2856 752 2920 et
777 2846 981 2920 Mareotidis
1007 2845 1125 2932 undis
1324 2873 1378 2930 285

214 3019 323 3116 Regis
348 3043 455 3116 opus3
481 3044 553 3093 non
578 3044 667 3091 ausa
693 3027 813 3092 tamen
836 3017 923 3110 dum
948 3041 1060 3114 regna
1086 3017 1267 3115 vigebant.

214 3186 422 3284 Adgressos,
450 3188 588 3287 cymbis
614 3186 833 3273 tentandam,
860 3186 985 3259 ducere
1010 3187 1142 3260 fossam

57 3429 302 3440 -..Ν-
703 3428 883 3436 ........——-

108 3576 145 3620 V.
164 3572 212 3617 285·
228 3571 348 3627 intellige
363 3572 468 3616 Fretum
483 3573 573 3627 paucis
589 3573 679 3616 abhinc
694 3573 767 3618 annis
782 3571 909 3622 effossum,
930 3572 1005 3618 antea
1020 3571 1154 3623 Isthmum,
1176 3572 1221 3625 qui
1235 3572 1308 3616 limes
1322 3578 1378 3617 erat

51 3647 174 3690 Arabiae
187 3643 267 3696 sinus,
281 3644 307 3684 et
321 3643 500 3687 Mediterranei
514 3643 598 3686 maris.
614 3643 648 3686 Ut
663 3644 738 3686 antea
752 3642 873 3695 Isthmus,
888 3642 924 3684 sie
939 3642 1012 3684 hodie
1028 3641 1133 3683 Fretum
1147 3651 1162 3684 a
1176 3642 1300 3686 viciniore
1315 3645 1378 3687 urbe

52 3727 156 3760 nomen
166 3715 243 3758 habet
252 3714 340 3770 vulgo,
353 3715 445 3760 Canale
456 3715 483 3758 dt
495 3715 566 3758 Sura.
582 3715 663 3766 Quam
673 3714 694 3756 si
705 3714 811 3767 antiqua
821 3724 882 3757 voce
899 3715 1027 3764 Arsinoeo,
1039 3711 1078 3754 uti
1090 3709 1158 3755 infra
1168 3713 1292 3766 Invenies,
1308 3724 1379 3756 nun-

51 3794 199 3841 cupamus,
215 3784 323 3827 nitimur
336 3788 404 3828 certe
418 3784 494 3828 Plinii
509 3784 665 3828 auctoritate
680 3785 719 3841 (H.
730 3782 759 3825 N.
771 3785 787 3826 l.
803 3783 833 3835 V,
849 3793 870 3826 e.
886 3782 938 3839 IX3
954 3782 970 3824 l.
987 3782 1028 3835 VI,
1039 3792 1060 3825 c.
1076 3781 1169 3834 XXIX,
1185 3784 1212 3825 et
1225 3782 1242 3824 l.
1258 3783 1376 3834 XXXVI,

53 3867 74 3898 c.
92 3857 158 3911 XI.)
172 3854 209 3899 Gr.
224 3855 303 3898 etiam
316 3854 406 3899 Ortelii
421 3855 494 3898 Thes.
510 3854 601 3909 Gaogr.
617 3863 637 3896 s.
653 3854 677 3895 v'.

109 3927 146 3971 V.
163 3925 274 3970 rei-aee.
290 3927 358 3970 Ilaec
372 3926 480 3976 Plinius,
496 3925 512 3966 l.
528 3926 570 3978 Vl,
585 3936 606 3967 c.
623 3924 715 3968 XXIX.
732 3925 762 3968 II.
779 3924 808 3966 Ν.
821 3923 1001 3978 s<Navigabile
1016 3923 1120 3966 alveum
1134 3923 1272 3979 perducere
1287 3921 1313 3966 in
1329 3923 1376 3965 Nl-

52 3997 122 4051 lum,
136 4006 191 4051 qua
205 3998 277 4050 parte
286 3998 317 4039 ad
331 3996 405 4040 Delta
415 3996 535 4048 decurrit,
547 3994 639 4038 LXXII
649 3995 682 4038 M.
693 4004 716 4049 p.
733 3993 871 4037 intervallo
881 3993 956 4052 (quod
972 3995 1039 4036 inter
1049 3994 1144 4037 ilumen
1155 3994 1181 4035 et
1191 3993 1298 4036 rubrum
1308 4001 1377 4034 mare

54 4067 182 4122 interest)
201 4066 300 4120 primus
318 4067 432 4112 emulum
451 4065 573 4112 Sesostris
587 4064 700 4120 Aegypti
718 4073 761 4107 rex
780 4062 921 4118 rogitavit:
941 4074 999 4107 mox
1018 4062 1110 4106 Darius
1125 4064 1267 4114 Persarum,
1287 4061 1376 4104 deinde

53 4140 226 4183 Ptolemaeus
239 4145 355 4189 sequens,
369 4137 414 4190 qui
428 4139 455 4179 et
468 4135 542 4179 duxlt
556 4135 659 4179 Fossam
673 4135 811 4178 latitudine
827 4133 920 4188 pedum
934 4133 961 4184 C,
972 4131 1111 4175 altitudine
1126 4131 1200 4176 XXX
1215 4131 1240 4172 iu
1255 4129 1376 4184 longiis-

53 4212 149 4254 dinem
165 4206 292 4250 XXXVII
300 4207 331 4250 Μ.
351 4208 374 4249 d.
390 4217 456 4262 pass.
472 4216 553 4261 usque
571 4207 602 4250 ad
618 4205 708 4251 Fontes
724 4215 829 4250 ornares.
850 4203 925 4247 Ultra
939 4202 1065 4244 deterruIt
1084 4201 1261 4245 inundationis
1280 4200 1372 4250 metus,

54 4281 202 4327 excelsiore
216 4279 299 4324 tribus
313 4279 408 4322 cubitis
421 4278 498 4322 rubro
512 4279 577 4321 mari
591 4278 727 4332 comperto,
743 4283 820 4330 quam
834 4276 904 4318 terra
918 4272 1059 4329 Aegypti.»
