3248 5290
536 565 540 582 ·
624 541 846 610 -153--

229 773 304 846 Vix
329 797 370 846 ea
395 772 491 846 dicta
515 770 606 857 dedi,
636 771 757 846 subter
782 795 893 868 quum
919 770 1018 868 rupis
1044 771 1168 844 hiatus

278 945 367 1040 Igne
393 950 516 1028 scatet,
543 941 675 1015 clivum
701 940 773 1014 iam
800 948 899 1013 vorat
924 939 1021 1014 unda
1048 941 1176 1014 fluens.

230 1114 338 1184 Parce
363 1085 462 1197 meis,
489 1112 585 1184 Deus
612 1111 713 1196 alrne,
741 1111 878 1207 precor!
906 1108 1150 1182 Circumvenit
1177 1112 1292 1208 amplo

285 1282 446 1354 Flamma
473 1281 575 1354 sinu:
603 1279 743 1394 miseris
770 1303 835 1352 nec
859 1279 967 1354 datur
991 1282 1068 1354 ulla
1094 1281 1195 1380 fuga.

230 1451 356 1536 Qualis
383 1450 504 1524 adest!
532 1451 722 1582 complexa
738 1474 881 1547 procum
907 1450 1118 1524 clamoribus
1145 1477 1251 1524 auras
1403 1505 1415 1538 ,

278 1622 414 1720 Implet,
442 1631 478 1694 et
503 1620 685 1694 absentem
711 1644 767 1692 me
792 1619 962 1694 moritura
988 1629 1099 1694 vocat.

228 1790 321 1875 Quid
348 1790 527 1863 facerem?
553 1789 682 1862 melius
709 1788 821 1862 subiit
845 1813 906 1887 per
933 1815 1021 1861 saxa
1047 1814 1108 1887 per
1134 1789 1239 1887 ignes

279 1958 461 2033 Obiectare
490 1957 578 2044 neci,
605 1977 674 2055 quo
700 1965 801 2031 vocat
828 1981 946 2055 aegra,
965 1957 1091 2056 caput.

227 2128 285 2200 Me
311 2126 462 2200 nimium
488 2135 632 2200 tenuere
657 2126 727 2224 pii:
756 2127 807 2200 sic
832 2126 933 2200 iussa
959 2126 1151 2201 fremebam

275 2298 357 2394 Ipsa
381 2320 508 2394 parens
536 2295 665 2370 sobolis
691 2295 809 2368 funeri
836 2294 959 2369 adesse
984 2320 1092 2369 meae.

226 2468 285 2538 Me
311 2465 442 2539 circum
467 2465 642 2564 trepidare
668 2467 778 2539 aliae:
806 2465 875 2539 duo
901 2465 1021 2540 forsan
1047 2465 1227 2565 ademptos

276 2638 370 2710 Pene
395 2635 517 2710 furens
545 2645 647 2711 natos
674 2637 762 2710 haec
785 2636 909 2734 gemit,
938 2636 1001 2709 illa
1028 2637 1154 2709 virum.

225 2805 394 2903 Amplexi
421 2816 552 2879 matres
577 2806 677 2905 pueri
705 2807 947 2905 innuptaeque
972 2788 1113 2905 puellae

277 2973 370 3047 Hinc
395 2973 551 3062 fratrem,
578 2975 662 3048 hinc
687 2975 836 3073 querula
862 2998 944 3048 voce
970 2999 1091 3049 vocare
1117 2985 1261 3073 patrem.

227 3141 426 3216 Adstamus
451 3143 706 3242 tremimusque
733 3145 859 3217 simul:
888 3169 1005 3242 pavor,
1032 3144 1190 3243 undique
1216 3147 1338 3220 mortis

279 3313 431 3386 Luctus:
459 3322 498 3386 at
522 3314 663 3400 auxilii,
689 3313 774 3387 dum
801 3314 931 3400 fremit,
959 3315 1072 3413 impos
1099 3339 1204 3388 amor.

228 3485 303 3556 Nec
328 3508 425 3556 mora
450 3484 563 3558 enim:
591 3485 682 3559 circa
707 3486 871 3583 patulum
897 3485 1078 3559 revolutus
1106 3485 1144 3556 in
1163 3511 1294 3590 ¹arvum

264 3651 379 3748 slgnis
406 3651 510 3738 inest,
538 3677 681 3752 serpens
707 3653 917 3751 imperiosus
943 3653 1056 3726 humi.

229 3821 444 3917 Insequitur,
471 3822 543 3894 iam
569 3823 683 3921 prima
710 3822 809 3897 subit
833 3845 991 3896 connexa
1017 3821 1165 3895 duorum

275 3990 436 4089 Corpora,
461 3993 645 4092 praecipiti
672 3993 802 4067 vortice
829 3991 986 4067 membra
1012 4001 1147 4090 tegens.

131 4201 134 4206 -
226 4161 388 4235 Vulcano
412 4161 599 4258 gradiente
625 4187 712 4261 puer
736 4161 957 4236 consumitur
984 4162 1084 4250 alter,

279 4331 360 4404 Mox
387 4331 461 4417 alii,
488 4331 641 4406 flammis
668 4333 757 4405 alter
782 4331 820 4403 in
846 4330 1004 4404 alterius.
