3236 5306
767 457 988 526 -118-

373 691 402 761 Ο
428 685 585 760 cohibete
614 710 762 774 mauus3
790 707 850 758 rex
876 684 935 757 hic
960 707 1035 781 ego.
1064 681 1188 767 Dicite,
1215 701 1399 777 quaenam

372 858 446 930 Vos
472 854 591 952 agitat
615 852 758 927 rabies?
783 854 850 926 Est
875 851 930 924 vir
956 850 1023 925 sub
1049 849 1316 924 iudica-Una.
1343 849 1467 920 Pluto

372 1024 442 1099 Olli
468 1048 513 1097 ne
538 1023 678 1115 credas3
705 1021 907 1096 mendacem
932 1021 1107 1095 novimus.
1134 1023 1224 1118 Ipse,

370 1193 418 1266 Ni
445 1191 575 1292 sapias,
601 1193 736 1290 capiere
760 1192 973 1266 dolis—Pu.
1000 1189 1165 1264 Accedite
1191 1213 1313 1288 reges:

370 1362 512 1434 Numna
529 1360 588 1434 hie
597 1360 681 1434 olim
699 1369 814 1434 vester
823 1359 1073 1434 eratt-Cms
1091 1361 1231 1457 Loquar
1248 1359 1335 1456 ipse,
1356 1367 1396 1432 et
1409 1359 1464 1432 ab
1484 1385 1563 1432 uno

371 1530 475 1602 Disce
502 1529 601 1604 alios,
629 1529 814 1604 Hominem
841 1528 965 1602 merito
989 1529 1217 1627 despeximus
1241 1552 1386 1615 omnes·

369 1701 419 1773 Ut
445 1698 507 1797 qui
532 1698 686 1774 ludibrio
711 1698 804 1798 plebi
830 1708 885 1772 est
911 1724 974 1774 nos
999 1724 1128 1797 passus
1154 1698 1288 1772 haberi.

368 1871 450 1954 Fur,
477 1868 573 1955 trico,
600 1869 785 1943 malefidus
811 1869 912 1943 adest
936 1869 1014 1942 tibr.
1041 1868 1194 1942 Nomine
1220 1867 1334 1944 fretus

371 2039 484 2125 Illius,
510 2039 656 2137 ingenio
682 2039 799 2112 fuerat
824 2039 886 2137 qui
913 2039 1029 2113 clarus
1055 2049 1090 2113 et
1115 2042 1236 2128 armis

243 2254 244 2262 κ
370 2210 487 2284 Robur
513 2210 558 2285 ab
584 2211 723 2309 integro
749 2210 889 2286 studuit
914 2235 1080 2286 renovare
1105 2211 1290 2311 decusque.

369 2385 450 2458 Non
476 2384 615 2496 decorat
640 2408 813 2500 magnum
840 2383 932 2456 male
957 2391 1044 2456 nata
1069 2384 1115 2458 ab
1140 2385 1278 2483 origine
1303 2412 1455 2462 nomen.

369 2554 473 2625 Hunc
499 2552 613 2650 igitur
637 2550 790 2625 detrude.
810 2553 939 2650 procul,
967 2576 1030 2626 nos
1056 2552 1194 2627 odimus
1220 2578 1362 2648 omnes3

370 2720 542 2807 Gaudeat,
569 2729 611 2793 ut
635 2720 755 2795 lubuit
780 2720 944 2819 primum,
970 2723 1199 2819 popularibus
1224 2726 1332 2821 auris.

370 2891 458 2962 Uun.
485 2890 550 2961 Per
575 2913 725 2985 magnos
751 2897 796 2974 te,
823 2889 937 2976 Pluto,
964 2890 1045 2964 deos
1071 2916 1232 2986 oramus;
1260 2905 1301 2969 ut
1327 2897 1392 2971 isti

369 3057 605 3156 Indignamur
630 3058 730 3173 enim¹
751 3082 890 3156 quoque
915 3083 997 3133 nos:
1025 3062 1160 3159 expelle
1186 3064 1386 3161 profanum.

372 3229 449 3301 Huc
475 3227 570 3314 ades
596 3253 616 3302 0
642 3228 754 3302 nostri
779 3252 939 3302 remanes
965 3230 1027 3328 qui
1054 3231 1131 3304 iure
1157 3241 1338 3331 patronus,
1418 3321 1421 3326 Ι

372 3399 437 3472 Dic
463 3423 541 3516 age,
567 3400 687 3484 Brute,
713 3396 784 3472 doli
810 3408 965 3498 pateant.
992 3401 1118 3474 Nonne
1144 3401 1212 3475 iste
1236 3412 1397 3500 repertus

374 3568 492 3640 Prima
517 3567 603 3640 mali
630 3567 737 3652 labes
763 3591 873 3664 quum
900 3567 1023 3640 furtim
1049 3569 1242 3667 adgressus
1269 3571 1423 3648 honores

376 3737 526 3835 Imperii,
554 3737 681 3810 servile
707 3736 834 3834 iugum
860 3736 957 3810 dedit
983 3738 1172 3836 improbus,
1199 3765 1311 3813 unum

375 3907 448 3980 Huc
472 3915 620 4005 questus
645 3930 716 3980 non
741 3915 841 3980 nocte
866 3932 939 3979 una
963 3932 1054 3981 nova
1078 3909 1178 3982 iussa
1203 3934 1340 4008 perosos

375 4075 569 4149 Demisisse
594 4076 699 4149 neri?
724 4075 798 4163 Dic,
826 4042 1049 4150 sodes—Ba.
1076 4077 1234 4152 Proditor
1259 4079 1376 4153 absit:

375 4248 435 4319 Pu.
461 4249 562 4319 Tune
587 4246 699 4319 siles?
727 4250 787 4320 Ius
814 4247 940 4345 cuique
967 4273 1091 4321 suum:
1118 4257 1180 4345 qui
1207 4249 1312 4322 verba
1338 4252 1492 4344 refutas,
