3246 5314
787 493 982 564 „42-

382 721 536 820 Expedit
561 723 600 794 in
626 722 728 795 cistis
753 723 856 795 lanas
883 722 1051 822 bombyce
1077 723 1238 794 latentes.

378 889 502 965 Cultor
527 889 607 988 agri
634 888 748 962 medio
773 913 986 962 concursans
1014 888 1158 985 agmine
1186 889 1331 986 etipse,

375 1062 507 1135 Doctus
533 1060 610 1144 iter,
635 1083 705 1156 quo
729 1058 819 1130 ferre
845 1056 978 1156 pedem,
1005 1057 1178 1130 meliusve
1202 1056 1329 1129 referre

375 1226 561 1313 Admonet,
589 1252 639 1313 ao,
662 1236 766 1300 vento
791 1226 912 1324 pluvio
936 1224 1170 1323 impendente,
1197 1249 1340 1323 rapaces
1502 1255 1569 1310 255

378 1396 586 1470 Adcelerare
611 1421 750 1482 manus
777 1396 903 1469 iterum
932 1419 977 1467 ne
1002 1395 1093 1467 lecta
1118 1402 1320 1467 tumescant

376 1563 551 1661 Gossipia,
579 1571 614 1635 et
640 1561 795 1662 bombyx
821 1561 1020 1634 fervescens
1046 1561 1198 1658 pullulet
1225 1561 1333 1633 intus.

376 1735 455 1830 Ipse
480 1730 588 1818 iubet,
616 1731 744 1804 sudum
771 1740 908 1844 nactus,
936 1730 1078 1829 digesta
1103 1740 1265 1830 patentes

375 1899 531 1972 Pandere
556 1923 616 1998 per
643 1925 781 1998 campos
807 1899 966 1987 biduum,
992 1899 1188 1997 dextraque
1213 1898 1363 1972 canistri

374 2070 505 2142 Versat
529 2084 621 2166 opes,
648 2077 780 2168 purgat
805 2071 927 2168 paleis,
954 2077 990 2142 et
1014 2070 1167 2143 ventilat
1191 2069 1299 2142 auris.

378 2237 473 2334 Ergo
499 2261 610 2335 quum
635 2238 784 2336 ancipiti
804 2237 957 2311 redeunt
984 2238 1056 2310 iam
1082 2237 1214 2335 frigore
1238 2236 1331 2309 ruris

374 2405 467 2492 Otia,
494 2415 573 2505 post
598 2407 660 2480 ubi
685 2406 856 2505 phoebeos
882 2415 1033 2505 aequata
1059 2416 1216 2480 moratur

372 2572 479 2646 Libra
505 2574 591 2661 dies,
620 2577 785 2674 squalent
810 2576 949 2649 viduati
975 2576 1143 2675 frugibus
1168 2575 1249 2675 agri

373 2741 586 2840 Gossipinis‚
613 2742 800 2842 doctosque
825 2745 938 2841 glomi
966 2744 1152 2819 subtecto
1178 2745 1308 2842 reposti

369 2910 570 3007 Expectant
595 2909 738 3008 digitos
765 2910 849 2984 dum
876 2912 936 2984 fila
965 2913 1150 3010 sequentia
1176 2912 1318 2986 ducant.

368 3082 438 3150 Ast
463 3077 525 3175 qui
552 3102 616 3152 nos
642 3086 742 3153 tanto
767 3079 913 3153 donavit
939 3079 1104 3154 foenore?
1130 3079 1241 3178 primo

368 3244 470 3318 Unde
495 3245 578 3320 boni
605 3246 751 3321 frutices
778 3272 959 3348 sumpsere
983 3248 1128 3322 exordia
1153 3247 1280 3321 cultu?

368 3413 486 3487 Prima
512 3415 603 3504 licet,
630 3416 762 3490 famam
788 3427 948 3516 repetens
975 3417 1020 3492 ab
1044 3418 1191 3515 origine,
1218 3417 1270 3489 fili

372 3581 524 3655 Textilis
550 3607 633 3658 eous
660 3584 794 3683 pridem
821 3585 899 3658 iura
926 3594 1066 3684 arroget
1091 3584 1212 3670 Indus,

369 3752 398 3824 Ο
423 3749 500 3836 tibi,
528 3759 645 3848 spreta
671 3751 743 3838 diu,
769 3752 867 3850 rigui
892 3778 985 3851 gens
1011 3755 1128 3827 accola
1153 3753 1241 3838 Nili,

368 3918 486 3991 Tanta
512 3917 622 4013 (haud
648 3919 741 3994 falsa
767 3922 900 4019 loquor)
927 3921 1056 3994 veteris
1082 3929 1153 3994 stet
1176 3913 1296 4018 gratia
1322 3919 1424 3992 facti.

274 4299 302 4343 V.
317 4299 364 4344 tu.
381 4301 444 4344 Vide
458 4302 575 4356 Plinium,
591 4305 634 4349 loc.
648 4306 689 4348 cit.
