3236 5306
591 383 838 504 kros-

217 665 383 746 Enarras,
410 671 472 734 aut
498 661 602 735 verba
628 663 736 760 Sophi
761 664 1139 766 memoranda—Han
1159 671 1251 754 Quid
1279 673 1352 771 ipse

214 833 286 906 His
310 831 455 911 uideor?
478 831 680 906 cedo-Pu.
707 833 770 906 Nil
795 827 914 932 peius:
943 835 1000 908 fur
1025 861 1127 936 saepe
1154 840 1306 936 priorum

216 1007 259 1074 In
284 1001 426 1088 fidibus,
450 1027 520 1076 non
547 1027 651 1100 saepe
677 951 789 1077 benus
815 1004 1018 1078 concludere
1044 1030 1176 1081 versus.

144 1265 148 1273 Ι
213 1175 309 1245 Dum
337 1172 466 1246 studiis
492 1197 630 1270 operam
656 1181 801 1260 navant,
828 1176 908 1249 laus
934 1159 1024 1268 ista3
1050 1177 1177 1274 periclo

211 1347 298 1417 Mox
324 1343 426 1430 facto,
440 1347 584 1418 'meroes
612 1342 715 1417 nobis
742 1343 830 1416 haec
856 1342 1031 1417 redditur:
1059 1345 1143 1432 alec,

213 1518 308 1587 Aere
333 1512 424 1599 dato,
452 1513 581 1587 nostris
607 1512 740 1586 chartis
767 1513 931 1586 amicitur
956 1523 991 1587 et
1015 1513 1134 1588 hillae.

210 1685 318 1754 Vruo.
345 1683 423 1754 Heu
449 1689 546 1754 tenet
571 1680 659 1754 haec
685 1690 821 1755 nostros
848 1679 997 1756 infamia
1023 1691 1125 1756 tanta
1151 1686 1313 1782 nepotes!

209 1855 306 1927 Xnu.
332 1852 423 1926 Mira
448 1851 609 1950 quidem!
637 1850 812 1924 Haeredes
838 1851 948 1925 Italos
971 1851 1053 1949 quis
1078 1851 1229 1950 deneget
1254 1854 1342 1926 artis

209 2023 432 2121 Ingeniique,
459 2021 556 2095 dedit
580 2021 672 2120 quod
698 2022 817 2094 Graiis
843 2023 948 2094 Musa
975 2021 1155 2094 vetustis?

208 2197 272 2266 Pr.
299 2193 386 2278 Quis
412 2202 532 2266 tamen
558 2193 739 2266 hesternos
765 2192 875 2266 Italos
900 2190 1091 2302 mutaverit
1116 2200 1151 2264 et
1176 2216 1247 2289 qua

207 2369 307 2450 Arte,
332 2364 576 2461 patet-Hora.
602 2361 737 2460 Nempe
754 2370 796 2434 ut
812 2361 968 2446 iuvenes,
987 2360 1038 2432 ita
1062 2383 1165 2458 saepe
1189 2361 1365 2458 magistri.

173 2626 177 2630 .
205 2535 316 2606 Eucn.
342 2537 556 2618 Annuerem,
583 2531 614 2605 si
640 2539 781 2630 sumpta
805 2529 964 2629 phalanx
990 2527 1144 2615 aliunde,
1169 2528 1305 2602 doceret

204 2703 313 2774 Nunc
337 2701 454 2774 Italos.
481 2700 605 2772 Pueris
632 2699 787 2772 donntne
811 2698 998 2770 Britannia
1024 2697 1152 2771 vestris

143 2855 147 2868 ’
205 2875 421 2966 Agrestesve
447 2872 584 2968 Scytae,
611 2877 674 2942 aut
701 2868 890 2940 Germania
917 2891 1023 2941 saeva
1048 2867 1268 2965 magistros?

201 3041 264 3111 Pu.
290 3038 383 3123 Quid
407 3039 524 3125 refert,
549 3039 651 3114 Italis
678 3038 709 3111 si
732 3038 806 3136 jam
832 3046 1036 3135 mentesque
1062 3036 1267 3134 animosque

200 3208 371 3283 Imbuerit
382 3209 579 3282 Germanus
590 3203 839 3282 amori—Heu.
851 3205 1245 3281 Prodedecusl-Vrao.
1264 3210 1359 3278 Ante

202 3381 262 3450 Me
287 3403 372 3452 sane
397 3353 561 3452 monuere
586 3379 664 3466 viri,
692 3378 924 3452 numerabilis
950 3377 1041 3464 ordo,

201 3547 296 3629 Quos
321 3547 422 3619 Italis
448 3571 610 3646 suprema
636 3547 711 3619 dies
737 3547 807 3620 huc
832 3546 932 3621 misit
955 3546 1000 3621 ab
1025 3547 1105 3632 oris

197 3717 243 3787 Se
268 3739 373 3812 penes
400 3716 584 3813 antiquam
610 3717 705 3789 Latii
733 3717 894 3790 senuisse
920 3717 1105 3813 loquelam.

194 3885 294 3967 Quae
319 3909 398 3958 vero
423 3885 563 3982 accipio,
590 3911 775 3982 nunquam
799 3885 929 3958 dixere.
956 3886 1132 3956 Verentur

192 4051 405 4149 Ignoscendi
429 4052 601 4151 equidem,
628 4054 751 4153 probra
778 4053 864 4126 haec
888 4061 940 4126 tot
966 4051 1054 4124 ferre
1081 4051 1147 4125 sub
1172 4076 1289 4123 auras

191 4226 254 4295 Pr.
278 4225 351 4295 Nec
376 4232 495 4296 tamen
520 4224 713 4298 occultasse
740 4225 862 4315 iuvat3
888 4246 975 4320 quos
1002 4222 1104 4318 luget
1130 4220 1310 4318 ademptos
