3246 5314
762 416 957 487 -14-

350 651 504 725 Hacreat
527 646 705 732 extremis,
732 657 829 721 arcta
854 668 1031 744 compage,
1057 667 1118 743 per
1142 640 1267 716 undas.

348 824 509 918 Aequatc
535 827 709 917 suggesta
736 817 828 892 trabi
853 816 1057 892 discrimine
1082 814 1210 914 cuique

348 989 452 1062 Retia
475 986 682 1086 dependent,
708 987 809 1086 queis
834 985 928 1060 infra
952 986 1108 1084 aperitur
1134 983 1266 1057 hiatus.

348 1153 500 1228 Brachia
525 1162 610 1252 quot
636 1151 767 1227 circum
792 1151 990 1251 praetendit
1014 1150 1180 1226 machina
1205 1149 1303 1234 bina,
1465 1170 1523 1225 210

348 1325 406 1397 Ex
433 1324 503 1398 imo
530 1321 676 1398 tetidem
701 1322 903 1422 spatiantur
930 1323 1020 1397 retia
1044 1322 1155 1422 ligne.

348 1494 433 1567 Mox
457 1501 591 1592 septem
617 1514 790 1589 suspensa
814 1499 940 1590 quater
964 1513 1025 1589 per
1049 1490 1205 1576 brachia,
1231 1495 1369 1586 septem

348 1664 390 1734 In
414 1660 575 1782 trabibus
601 1660 744 1736 tandem
769 1661 908 1748 mediis,
933 1662 1002 1735 hac
1026 1660 1161 1736 ordinis
1187 1668 1262 1734 arte

349 1831 398 1902 Ut
421 1828 536 1904 medic
561 1830 636 1904 sint
660 1830 770 1928 longa
795 1832 879 1918 lece,
904 1830 1063 1905 breviora
1088 1829 1262 1904 recedant.

349 1997 491 2074 Ordinis
519 2000 606 2074 haec
629 2000 696 2088 vis,
722 2010 764 2075 ut
789 2001 822 2074 si
846 2000 988 2101 quando
1012 2001 1103 2074 retia
1127 2007 1249 2074 eontra
1469 2019 1526 2074 215

349 2167 504 2244 Tendere
528 2170 719 2270 eontigerit
744 2171 908 2269 scopulis,
935 2171 998 2270 qui
1022 2170 1137 2244 multa
1163 2166 1302 2267 supinis

348 2335 526 2413 Cautibus
551 2337 623 2413 ima
648 2347 782 2426 tenent,
809 2349 944 2412 arrecta
971 2339 1095 2427 fronte,
1123 2337 1263 2423 corella,

243 2537 245 2543 ’
348 2506 517 2607 Quodque
542 2533 648 2583 suum
673 2509 852 2607 complexa
877 2507 1040 2607 gradum,
1068 2534 1139 2583 non
1163 2509 1253 2583 retia
1279 2505 1419 2595 ludum,

349 2673 511 2748 Alterum
536 2674 575 2747 in
602 2675 749 2750 alterius
776 2699 813 2749 se
839 2676 984 2756 trudens
1009 2676 1134 2764 limita,
1160 2676 1314 2752 turbent.

203 2833 302 2916 Vlll.
352 2843 448 2942 Ergo
472 2844 588 2918 omnis
613 2845 680 2919 rite
704 2845 763 2920 his
789 2846 897 2920 armis
923 2846 1099 2928 instructa
1125 2847 1303 2932 iuventus,
1471 2872 1528 2928 220

350 3011 470 3086 Prima
494 3011 601 3088 duces
627 3039 737 3113 quum
764 3013 870 3112 signa
895 3014 975 3088 viae
1000 3015 1164 3102 cecinere,
1190 3038 1349 3088 recessus

352 3179 528 3279 Linquere
554 3180 738 3270 festinant,
765 3192 872 3283 atque
895 3182 967 3257 otia
992 3191 1098 3282 grata
1121 3147 1314 3282 brevesque

351 3347 535 3423 Excursus
561 3357 707 3432 tentare.
731 3351 846 3426 Lubet
871 3339 1028 3450 vestigia
1052 3360 1142 3425 retro

351 3514 418 3589 His
442 3516 569 3616 legere,
596 3527 632 3592 et
657 3526 769 3605 notas,
795 3519 963 3618 queniam
988 3517 1073 3592 data
1098 3517 1251 3616 plurima
1276 3513 1429 3616 praedae

351 3683 470 3781 Copia,
496 3684 586 3758 inire
611 3686 709 3779 vias3
736 3685 809 3759 inis
834 3708 1032 3784 procurrere
1056 3685 1172 3784 longe,
1470 3711 1530 3765 225

349 3851 397 3924 Et
422 3853 537 3940 metis,
564 3878 634 3951 qua
660 3861 833 3928 monstrat
857 3853 925 3926 iter
948 3852 1100 3940 fortuna,
1127 3852 1270 3938 relictis

350 4021 498 4094 Incertis
524 4021 689 4097 brevibus
715 4020 879 4120 cupidam
906 4021 1077 4096 obiectare
1103 4019 1270 4095 carinam.

350 4187 442 4263 Hinc
467 4214 558 4287 pars,
587 4189 784 4265 infaustam
808 4188 934 4264 radens
962 4187 1195 4288 Carthaginis
1221 4213 1327 4274 cram,
