3236 5306
748 451 796 460 —-
826 407 896 480 104
922 450 969 460 -

351 639 390 712 Si
414 646 535 716 tamen
560 637 600 710 in
625 629 754 712 vitium
780 637 926 712 libertas
952 635 1103 722 excidat,
1130 636 1225 710 ultre

351 805 406 880 Ne
430 805 558 879 timeas
584 813 734 880 nutesve
758 805 896 879 animo:
925 804 998 904 qui,
1025 803 1125 904 plebe
1150 775 1304 892 favente,

351 977 495 1073 Sceptra
521 982 653 1061 tenent,
679 973 773 1073 plebi
799 999 908 1074 quarn
933 974 1048 1047 multa
1074 974 1256 1072 ignoscere
1280 973 1434 1062 debent,

349 1143 468 1227 Quum
494 1142 582 1216 velit
606 1149 642 1216 et
666 1142 766 1228 nolit,
795 1165 931 1242 semper
956 1137 1133 1217 contraria
1159 1152 1300 1216 sectans

352 1311 515 1388 Mobilior
540 1319 654 1386 vento.
681 1312 777 1386 Haec
802 1309 881 1385 ideo
910 1310 1087 1410 sapientia
1112 1311 1189 1410 regi
1215 1320 1279 1398 est,

351 1481 521 1556 Consiliis
548 1482 679 1586 sociare
705 1482 792 1568 suis,
818 1506 907 1580 quos
932 1481 1081 1579 deputat
1106 1482 1182 1581 ipse

352 1653 462 1752 Saepe
488 1678 598 1728 novas
626 1653 777 1753 populus
801 1675 1015 1750 congressus
1041 1651 1149 1726 libere
1174 1651 1219 1726 ad
1244 1677 1371 1726 urnas.

349 1822 441 1896 Hinc
468 1823 520 1896 ite
544 1822 635 1897 lecta
661 1823 784 1900 cohors
809 1823 1009 1910 hominum,
1036 1823 1099 1923 qui
1124 1847 1235 1922 regne
1261 1822 1505 1912 ministrant,

350 1995 410 2080 Ut,
436 1991 521 2068 dum
548 1993 700 2093 quisque
727 1994 839 2068 vicem
866 2017 1032 2068 exercens
1062 2019 1128 2067 sua
1154 1992 1324 2092 providet,
1352 2019 1482 2095 aequo

350 2164 509 2242 Diversis
535 2164 654 2264 populi
682 2163 812 2238 studiis
841 2163 931 2238 satis
956 2163 1077 2238 ordine
1102 2164 1175 2238 fiat.

348 2335 443 2407 Haeo
467 2332 559 2408 bona
583 2333 758 2432 largitum
783 2332 865 2432 quis
890 2331 1173 2430 dedignabitur?
1196 2334 1275 2431 Ipse

349 2503 467 2576 Testis
494 2502 588 2589 ades,
615 2504 647 2577 si
677 2526 759 2578 vera
785 2504 918 2601 loquar.
945 2504 1161 2602 Quocunque
1186 2501 1295 2576 libido
1321 2513 1383 2577 est

348 2672 584 2748 incomitatus
611 2669 706 2747 adit:
733 2645 839 2772 caput
864 2671 926 2747 olli
952 2670 1090 2745 invitus
1116 2669 1217 2745 eunti

352 2845 464 2918 Nemo
490 2843 622 2944 aperit;
648 2843 710 2943 qui
736 2844 825 2930 vuit,
853 2842 951 2916 sistit
976 2842 1033 2914 vei
1058 2839 1201 2914 tendere
1226 2839 1356 2938 pergit

349 3018 558 3088 Instaurant
583 3038 762 3114 procerum
787 3023 925 3089 coetum
953 3012 1129 3111 suffragia
1155 3012 1278 3113 plebia

352 3183 647 3282 Conveniuntque
673 3183 808 3256 simul?
830 3186 989 3283 Propere,
1016 3191 1207 3282 praeeunte
1234 3191 1378 3270 senatu,

351 3356 556 3455 Ingreditur
581 3357 699 3432 sedes:
727 3358 854 3432 recitat
877 3382 970 3457 quae
996 3367 1119 3456 sponte
1148 3357 1300 3456 legenda

352 3529 508 3627 Accepit,
535 3537 657 3627 grates
682 3528 847 3616 referens,
874 3528 1049 3629 docilique
1074 3529 1211 3603 tributa

351 3695 515 3771 Indicens
540 3696 634 3795 plebi
662 3720 763 3784 nova,
790 3696 954 3771 libertate
980 3695 1123 3770 fruenti.

353 3864 497 3962 Excipit
523 3873 561 3938 at
586 3864 726 3962 plausu,
752 3871 795 3938 ut
818 3888 893 3938 mos
919 3873 983 3952 est,
1010 3865 1096 3939 haec
1123 3865 1228 3939 verba
1253 3888 1402 3940 corona:

354 4035 445 4105 Turn
472 4041 544 4107 toto
571 4032 639 4106 sibi
665 4041 832 4131 gratatur
858 4056 919 4107 rex
945 4041 1091 4130 pectore,
1118 4042 1237 4132 partes

355 4202 564 4300 Explevisse
591 4227 686 4290 suas,
712 4212 805 4277 recte
830 4201 998 4278 mandata
1024 4205 1235 4302 loquentem.
1283 4187 1285 4192 ¹
