3246 5314
700 469 895 536 ...m-

281 697 383 771 Beda
400 703 519 794 stupet
542 717 673 769 memor
689 693 782 768 orbis
807 691 924 766 adhuc
941 699 1166 788 stragemque
1191 681 1364 789 luemque,
1395 718 1444 773 rao

287 865 400 949 Quem
425 863 561 963 primus
584 862 708 960 Ligur,
734 858 894 935 occiduos
920 858 987 932 iter
1011 879 1122 932 ausus
1147 856 1190 930 ad
1219 855 1323 931 Indos

282 1031 446 1105 Detexit:
473 1053 600 1104 nomen
624 1027 743 1127 posuit
768 1033 847 1124 post
870 1026 961 1100 alter
985 1023 1030 1100 ab
1055 1025 1126 1099 illo.

284 1203 353 1275 Tot
377 1199 520 1299 penitus
545 1197 735 1274 subversae
758 1195 873 1281 urbes,
899 1215 1109 1292 operumque
1136 1193 1282 1280 labores,

283 1367 487 1444 Vorticibus
511 1391 584 1465 qua
608 1365 707 1440 mille
731 1372 836 1451 rates,
861 1388 933 1461 qua
956 1363 1055 1437 mille
1080 1373 1222 1438 voratae

279 1536 441 1636 Ignibus,
468 1535 625 1610 humano
650 1503 855 1636 spumantes
881 1533 1059 1630 sanguiue
1084 1533 1166 1620 late,
1392 1557 1441 1614 1‘25

276 1703 478 1825 Gossipinis
502 1704 592 1778 alias
617 1704 751 1779 onerati
776 1703 943 1801 frugibus
969 1703 1059 1802 agri,

277 1875 345 1948 Pr0
368 1872 489 1971 pudor,
514 1870 643 1946 excidii
670 1880 838 1969 superant
863 1871 1079 1984 monimenta
1105 1872 1269 1946 nefandi!

278 2041 413 2139 Serpsit
439 2063 544 2114 saeva
569 2039 658 2125 loeo,
684 2014 755 2136 qua
780 2064 874 2113 mars
900 2038 1027 2114 defecit
1052 2039 1207 2114 acerbus.

277 2212 350 2284 Hoc
376 2218 461 2296 erat,
486 2209 557 2282 heu
583 2208 732 2296 facinus,
757 2208 849 2308 quod
875 2217 927 2285 tot
951 2219 1113 2309 terraque
1137 2211 1296 2309 marique

277 2377 393 2451 Millia
418 2377 630 2475 procubuere
655 2377 770 2450 virum
795 2386 942 2451 centena
968 2377 1137 2466 vicissim,

279 2549 329 2622 Ut
353 2547 478 2620 servile
504 2547 631 2644 iugum
656 2547 812 2634 totidem,
838 2547 1040 2622 miserabile
1064 2548 1209 2646 vulgus,

266 2713 483 2786 'Exuerent‘l
507 2673 729 2811 Quamquam
754 2714 793 2788 o!
821 2713 966 2788 miseros
993 2737 1073 2814 spes
1098 2715 1189 2789 lusit
1213 2717 1343 2790 inanis.

274 2878 359 2954 Inde
383 2880 465 2954 novi
491 2879 612 2953 damni
637 2879 752 2954 labes:
780 2905 863 2954 nam
889 2881 1025 2956 viribus
1050 2906 1095 2956 ex
1119 2908 1199 2982 quo,

273 3049 431 3148 Seposita
456 2995 598 3122 tandem
625 3048 771 3124 fraterni
797 3049 901 3124 caede
927 3052 1116 3137 tumultus,

275 3217 450 3314 Europam
474 3225 602 3290 terrere
628 3215 729 3289 novis
755 3239 811 3289 res
836 3216 957 3291 Indica
982 3220 1104 3318 coepit,

275 3381 445 3456 Conscius
470 3407 514 3457 ex
540 3383 611 3470 illo,
638 3383 778 3484 Cyrneo
803 3387 981 3485 sanguiue
1006 3397 1133 3474 cretus

277 3551 409 3644 (Gallia
433 3576 502 3649 quo
527 3552 614 3627 duce
640 3562 711 3628 toto
737 3555 864 3630 iterum
891 3557 992 3632 stetit
1016 3557 1149 3633 arbitra
1174 3561 1317 3657 mundo)

273 3719 412 3817 Imperii
436 3721 515 3795 iam..
535 3722 634 3798 frena
660 3734 761 3822 parat
786 3726 990 3801 victricibus
1016 3729 1134 3802 armis.

90 3967 279 3986 .----·-

162 4112 201 4156 v.
219 4108 268 4152 13st
284 4107 448 4176 compertum
462 4112 501 4156 est
515 4112 542 4154 tn
557 4111 647 4156 ultimo
666 4113 738 4157 civili
752 4116 884 4158 Americas
899 4116 967 4161 bello
986 4118 1141 4173 quadragies
1155 4122 1262 4164 centena
1282 4121 1365 4165 millio
1380 4124 1427 4166 ho-

96 4187 222 4232 minum
238 4177 399 4232 occubuisse,
413 4185 443 4224 ut
456 4182 561 4226 totidem
575 4184 681 4227 servitia
696 4184 872 4229 liberarentur.

167 4252 204 4296 V.
223 4248 270 4293 136.
287 4249 396 4304 Napoleo
410 4251 448 4294 111.

1339 4392 1356 4434 ll
