3246 5314
750 507 789 514 ,
824 464 872 532 48

353 694 419 763 Per
443 699 556 776 tensa,
582 692 707 764 electro
732 691 898 764 fluitante
924 692 1123 789 interprete,
1149 693 1219 766 fila.

294 889 297 896 ·
354 862 449 938 Haeo
473 859 629 947 aderant,
657 857 861 960 patriaeque
887 861 982 935 vices
1007 886 1144 935 mecum
1170 862 1245 961 ipse
1270 863 1409 962 priores

354 1028 547 1118 Haerebam
574 1037 761 1126 reputans:
790 1030 908 1104 subito
934 1030 1058 1104 saliere
1084 1039 1244 1130 tepentes

356 1203 484 1284 Aurae,
511 1207 546 1271 et
571 1199 677 1296 signa
706 1199 825 1272 ferunt
850 1201 994 1298 patulae
1019 1201 1230 1299 gratissima
1255 1209 1380 1276 terrae.

357 1371 448 1442 Tum
474 1393 555 1443 vero
579 1371 733 1442 Poenum
759 1369 915 1458 memini,
941 1391 1055 1469 quum*
1078 1370 1182 1444 devia
1208 1372 1345 1470 primus

357 1541 452 1612 Haec
477 1538 565 1636 iuga
591 1537 761 1614 inoffenso
786 1547 840 1612 est
866 1565 978 1613 ausus
1004 1538 1251 1614 transcendere
1277 1565 1400 1614 cursu.

357 1708 469 1782 Visus
493 1707 617 1782 adesse
643 1709 732 1782 mihi
758 1734 840 1783 mox
866 1709 920 1782 vir
946 1709 1122 1810 Cyrneus,
1149 1734 1297 1784 acumen

358 1876 541 1964 Obsidens,
566 1879 766 1977 nostrisque
791 1879 939 1952 inhians
964 1879 1177 1954 dominarier
1204 1880 1283 1954 oris.
1487 1911 1548 1964 375

357 2049 460 2122 Eheu
486 2050 614 2123 sternit
637 2049 706 2123 iter
730 2049 882 2122 nimium
908 2074 1004 2122 nunc
1030 2048 1191 2147 proxima
1219 2048 1333 2120 Gallis

357 2220 483 2293 Italia!
511 2221 679 2294 Alternae
705 2230 832 2296 coeunt
856 2219 1013 2318 quaein
1039 2217 1177 2293 foedera
1202 2216 1358 2302 dextrae,

359 2387 517 2461 Ensibus
544 2397 712 2487 aptantur
739 2411 933 2487 nunquam,
960 2410 1023 2460 nec
1050 2385 1229 2483 sanguine
1253 2385 1407 2457 lucent?

340 2557 459 2652 ‚Quod
485 2558 534 2645 ni,
560 2581 621 2656 pro
646 2557 766 2656 pudor,
794 2557 1001 2654 Allobroges
1026 2565 1101 2629 tam
1126 2556 1228 2628 laeva
1254 2551 1428 2640 dedisses,

359 2728 450 2800 Itala
475 2751 577 2825 gens,
604 2726 730 2813 Gallis,
756 2725 922 2800 effossum
947 2735 989 2799 tu
1014 2751 1087 2798 una
1111 2734 1249 2798 teneres

358 2899 492 2973 Montis
519 2897 603 2970 iter:
631 2897 731 2971 modo
757 2897 974 2970 vestibulmn
999 2904 1098 2969 tenet
1124 2895 1240 2969 hostis
1266 2893 1305 2965 in
1331 2893 1459 2966 armis.

362 3072 457 3142 Haec
482 3068 723 3142 intercursus
749 3068 877 3142 declivi
903 3067 1045 3141 tramite
1070 3068 1230 3165 plaustra

366 3241 460 3311 Luce
487 3238 553 3312 snb
580 3239 713 3312 incerta
739 3239 873 3314 foribus
897 3236 1038 3310 tardata
1064 3237 1312 3335 propinquant.

362 3409 522 3485 Carceris
548 3367 645 3482 haud
671 3409 774 3482 aliter
799 3409 966 3507 delapsus
992 3407 1124 3481 fornica
1149 3406 1232 3480 tetri

362 3580 461 3655 lllico
485 3589 640 3654 testatur
665 3580 759 3653 laeta
785 3604 875 3654 nova
900 3579 1036 3678 gaudia
1063 3578 1195 3652 fronte:

268 4068 297 4112 V.
312 4067 359 4112 312
375 4065 479 4111 Scilicet
493 4063 675 4109 Hannibalem:
691 4063 751 4106 lieet
766 4063 833 4106 enim
843 4061 969 4113 nonnulli,
984 4059 1133 4104 auctoribus
1147 4059 1219 4102 Livio
1233 4060 1259 4100 et
1269 4056 1371 4112 Polybio
1386 4065 1430 4102 res
1446 4063 1555 4114 gestas
1616 4071 1620 4100 l

218 4138 319 4182 diverse
332 4137 504 4185 narrantibus,
519 4136 544 4178 in
561 4134 676 4178 diversas
690 4134 784 4178 abeunt
798 4133 947 4184 sententias,
963 4131 1050 4186 plures
1060 4134 1146 4174 tamen
1160 4129 1278 4185 reperies,
1293 4126 1338 4182 qui
1353 4129 1475 4172 montem
1492 4132 1554 4176 Ce-

218 4207 322 4260 nisium,
339 4207 378 4250 uti
394 4206 478 4250 locum
492 4207 630 4256 affirmant,
645 4214 696 4260 qna
710 4203 784 4248 Poeni
798 4203 863 4246 duce
875 4201 1016 4246 Hannibale
1030 4201 1107 4256 Alpes
1120 4199 1252 4244 transiere.

270 4277 300 4321 V.
315 4277 361 4322 ³74.
378 4277 488 4330 Napoleo
502 4277 512 4320 l
527 4278 605 4320 natus
618 4275 645 4319 in
660 4277 742 4330 Cyrne
758 4273 850 4326 insula,
865 4273 953 4316 eadem
967 4281 1031 4326 quae
1046 4272 1155 4320 Corsica,
1172 4280 1264 4324 graeca
1279 4267 1466 4322 appellatione.
