3248 5290
610 456 832 526 -151-

203 686 351 762 Cuncta
377 686 503 764 silent:
532 686 614 761 silet
639 686 814 784 extemplo
841 685 936 760 ferus
963 686 1039 786 ipse
1063 689 1234 774 Vesevus,

260 857 427 932 Nubibus
453 856 632 932 interdum
658 855 799 932 condita
824 857 911 931 luna
938 857 1036 932 latet.

200 1030 332 1126 Longa
357 1051 419 1127 per
443 1028 613 1126 ambages
639 1052 703 1103 nos
729 1026 829 1102 ducit
854 1027 1000 1102 semita:
1027 1027 1185 1102 crebrum

258 1198 287 1270 O
312 1194 465 1274 nimium
490 1196 578 1270 felix
606 1195 677 1270 iam
703 1195 795 1276 redit
820 1219 951 1293 agmen
975 1220 1097 1272 ovans.

202 1369 300 1452 Quot
325 1376 446 1441 centra
472 1367 688 1466 iuvenesque
714 1367 823 1444 simul
850 1367 1056 1465 sociantque
1082 1368 1220 1466 puellae

255 1537 299 1609 Se
324 1537 436 1625 nobis,
464 1538 596 1614 hilares
624 1563 681 1613 ore
706 1537 821 1616 ciente
847 1563 961 1614 sonos.

201 1707 286 1780 Heu
310 1706 445 1806 pietas!
471 1707 533 1806 qni
559 1715 651 1783 retro
675 1709 798 1806 legent
823 1708 1009 1807 vestigia?
1033 1718 1189 1810 quotque
1297 1689 1300 1700 ¹

253 1882 379 1975 Aequa
404 1877 504 1954 dabit
528 1879 661 1979 patries
688 1903 762 1954 sors
788 1902 947 1956 remeare.
971 1879 1092 1953 lares?

198 2045 372 2124 Sistimus
398 2047 543 2124 acclivis
568 2047 699 2139 defessi
726 2047 880 2121 culmine
905 2048 1024 2147 rupis:

252 2214 345 2288 Hinc
371 2218 587 2292 Summanus
614 2240 715 2336 apex,
742 2217 872 2314 igneus
900 2216 982 2292 inde
1007 2227 1115 2316 patet.

199 2382 370 2458 Sribsidet
394 2384 465 2474 ille,
492 2385 616 2460 minax
642 2394 749 2483 caput
774 2384 833 2458 hic
859 2384 903 2458 ad
930 2385 1054 2462 nubila
1081 2388 1185 2476 tollit,

249 2551 520 2658 Subiectamque
546 2579 613 2628 sua
637 2555 728 2630 mole
753 2554 888 2653 fatigat
914 2553 1074 2633 humum.
1216 2549 1220 2558 ’

199 2723 292 2794 Tum
318 2723 482 2823 primum,
509 2725 632 2814 fateor,
658 2725 749 2812 mira
775 2727 933 2800 novitate
959 2725 1105 2802 tenebar

250 2897 409 2970 Monstra
435 2905 602 2994 stupens:
630 2896 719 2972 solvi
744 2906 881 2995 pectere
906 2905 942 2972 et
968 2897 1047 2995 ipsa
1072 2905 1217 2972 metum.

198 3065 310 3140 Necte
337 3090 442 3180 super
466 3066 582 3142 media
608 3066 769 3142 certatim
796 3066 890 3140 hanc
916 3067 1064 3166 agmina
1091 3067 1210 3144 sedern

249 3236 474 3314 Circumfusa
500 3237 652 3312 adeunt:
681 3237 790 3311 tutior
816 3235 913 3314 haud
940 3237 1037 3313 alibi.

198 3403 435 3508 Conspexisse
460 3406 581 3480 iuvat:
609 3429 673 3480 nec
698 3405 794 3480 enirn
820 3404 887 3493 fae,
914 3405 989 3482 ulla
1015 3406 1140 3484 timere

248 3576 388 3650 Funera
413 3601 505 3675 quae
530 3575 632 3652 uobis
659 3601 759 3652 mons
789 3577 959 3652 scelerata
984 3587 1094 3675 paret.

198 3744 326 3820 Amnis
351 3746 463 3835 adest,
489 3749 621 3822 montis
646 3749 709 3848 qui
736 3772 813 3826 sese
827 3749 968 3836 ¹vertice
995 3749 1040 3824 ab
1066 3751 1138 3828 alto

248 3915 452 3992 Flammeus
478 3918 676 3996 immittens
702 3919 845 3996 tramite
872 3919 1048 3996 multifido

196 4087 429 4185 Praeruptam
456 4098 593 4187 praeter
617 4114 751 4188 rupem,
778 4115 848 4189 quo
875 4089 1049 4177 venimus,
1078 4093 1187 4164 imam

245 4257 340 4329 Lene
366 4257 492 4345 fluens
519 4284 624 4333 rauco
650 4284 828 4334 murmure
852 4258 968 4334 tendit
995 4261 1070 4334 iter.
