3236 5306
747 478 796 488 ...
823 435 869 506 78

356 671 466 742 Facta
491 665 583 740 faba.
610 666 742 737 Verum
767 687 838 737 non
864 686 1022 760 unquam
1047 659 1118 734 huc
1143 659 1266 758 segnis
1292 668 1330 732 et
1357 658 1488 744 exlerr,

355 838 405 911 Ut
430 857 594 934 persaepe
619 831 699 920 alic,
726 830 940 905 nebulonum
967 828 1131 904 convenit
1155 827 1247 914 orde,

359 1007 429 1093 Qui
454 1004 587 1104 pateris
611 1001 721 1091 modo,
749 1002 912 1101 propulso
937 999 1037 1075 modo
1063 999 1185 1073 fallere
1210 998 1309 1073 fumo

357 1173 557 1248 Sollicitant
581 1197 695 1258 curas,
722 1180 873 1270 atquae
897 1193 958 1270 per
985 1177 1079 1244 tecta
1106 1191 1166 1267 per
1190 1167 1314 1245 urbem

1596 863 1597 916 ι

1596 1043 1597 1118 1

359 1342 537 1418 Continuo
563 1351 718 1428 manent,
745 1341 854 1416 tricas
879 1339 1062 1439 exquirere
1086 1340 1258 1439 gaudent.
1486 1369 1537 1423 185

356 1515 423 1588 Hic
448 1537 644 1613 aggressus
670 1513 737 1586 iter
761 1521 881 1587 contra
907 1511 1043 1586 ieiunia
1067 1511 1218 1610 quisquc

357 1685 496 1758 Solvere
522 1682 679 1756 festinat.
705 1683 823 1767 Quum
849 1665 934 1779 ergo
959 1679 1138 1755 ientacula
1165 1705 1276 1769 sumc,

355 1854 403 1927 Et
427 1851 573 1927 modicis
598 1852 807 1951 quandoque
834 1849 979 1952 scyphis
1004 1873 1141 1936 uvesca
1167 1850 1379 1940 Britannus

355 2021 514 2095 Plurima
538 2020 600 2119 qui
626 2021 755 2118 raptim
781 2018 936 2093 siccabat
959 2018 1094 2117 pocula,
1124 2021 1259 2093 «Recte

361 2189 443 2265 Otia
468 2214 660 2289 ponamus:
687 2188 834 2262 memini
858 2197 893 2260 te
919 2187 1031 2262 stulta
1057 2212 1200 2262 vocasse
1486 2219 1534 2273 190
1596 2173 1597 2242 1

360 2361 536 2458 Dogmata
561 2380 653 2457 quae
678 2367 823 2430 teneo».
850 2357 980 2454 Repete
1008 2356 1104 2429 «Nil
1131 2357 1282 2430 verius».
1315 2364 1404 2434 «At
1430 2385 1531 2459 quae,

362 2533 454 2602 Tum
479 2528 614 2642 rabula,
641 2528 717 2626 ipse
741 2525 841 2600 vides
866 2524 982 2600 odisse
1008 2525 1210 2600 incredulus
1236 2526 1378 2600 audes‘2
1596 2543 1597 2638 p

364 2698 476 2771 Simia
501 2721 609 2796 quarn
635 2696 764 2770 similis
790 2695 912 2769 nobis!
940 2696 1039 2768 Vest
1013 2696 1105 2793 trgia
1132 2695 1256 2793 signat

361 2867 452 2941 Bina
477 2875 591 2940 erecta
615 2867 710 2965 pede,
737 2874 853 2964 at,que
880 2864 1172 2953 hominumtr1t‚u
1198 2866 1314 2939 utitur
1338 2891 1460 2966 usque
1596 2897 1597 2902 ¹

243 3067 246 3074 ¹
364 3039 473 3110 Docta
498 3060 617 3108 manu.
644 3037 751 3109 Nunc
775 3035 887 3110 bilet
827 3043 995 3122 ett,umc
1024 3060 1120 3109 nunc
1145 3035 1262 3108 laetus
1287 3035 1426 3110 ocellus
1483 3061 1529 3115 195
1596 3093 1597 3118 ι

366 3205 516 3278 Emicat
542 3205 608 3280 Ad
624 3230 810 3280 numerum
836 3204 920 3278 dum
946 3205 1033 3278 haec
1058 3228 1135 3278 sese
1160 3205 1267 3279 vertit
1292 3205 1331 3277 iu
1357 3207 1490 3290 orbem,

364 3377 436 3447 Dat
460 3372 586 3472 digitis
612 3374 768 3448 sonitus:
796 3384 874 3473 post
858 3374 991 3449 tflexc
1016 3398 1152 3473 corpure
1172 3375 1326 3472 plausus

368 3713 435 3783 Est
460 3736 550 3810 quae
576 3713 722 3786 cristata
747 3711 929 3786 defendere
955 3712 1092 3786 casside
1117 3738 1265 3810 parvum

370 3883 478 3953 Sueta
441 3889 618 3979 tcaput
646 3881 912 3980 gladioquelat
875 3909 956 3955 aus
982 3883 1207 3980 praecingere
1232 3883 1386 4018 laevum,
1479 3909 1526 3964 200

369 4049 542 4122 Missile
533 4075 571 4122 ιιι
596 4049 779 4125 adversam
804 4051 945 4138 ferrum,
971 4050 1127 4126 dictante
1093 4053 1287 4151 tmagist
1288 4079 1335 4139 ιο,

1596 2743 1597 2826 1

1596 2939 1597 3014 1

365 3541 580 3640 Excipit‚et
604 3551 710 3640 grata
672 3543 805 3616 thuc
831 3543 918 3616 illuc
943 3568 1008 3616 sua
1034 3543 1172 3617 lumina
1197 3543 1317 3617 volvit.

373 4205 503 4304 Iniicit,
530 4227 636 4316 atque
661 4220 788 4294 alacer
801 4220 909 4294 currit
934 4221 1130 4320 spoliatque
1156 4223 1337 4309 iacentem,
