3246 5314
781 431 978 501 „44-

373 666 446 738 Vix
473 664 624 736 mediam
652 662 755 738 rubro
782 663 906 760 pelago
933 662 1085 760 Niloque
1111 661 1253 765 fluente,

305 929 313 940 .
370 841 475 910 Nunc
501 837 563 910 ubi
589 835 723 910 bisseni
751 835 864 940 fontes
892 835 1094 933 spatiantur
1119 835 1240 920 amari,

367 1007 433 1078 Vis
460 1006 589 1102 ingens
615 1004 712 1102 ponti
739 1014 867 1077 temere
891 1003 1044 1076 terrebat
1069 1003 1259 1077 inundans.

369 1172 468 1258 Quod
494 1198 564 1247 non
589 1171 803 1271 posthabitis
829 1171 952 1270 primis
979 1170 1155 1245 industria
1181 1172 1312 1271 coeptis

369 1344 499 1413 Tentat
522 1341 636 1438 opus?
660 1343 782 1412 Iussas
808 1364 919 1438 nuper
943 1339 1118 1414 discedere
1143 1351 1254 1414 terras

372 1508 548 1594 Vidimus
575 1507 698 1582 effosso
724 1508 831 1580 simul
857 1507 1084 1582 immiscerier
1109 1510 1208 1584 alveo

372 1679 534 1785 Binaque
558 1678 629 1751 iam
654 1678 766 1750 maria
792 1677 830 1748 in
858 1699 895 1750 se
919 1677 1020 1775 lapsa
1045 1677 1195 1751 residere
1220 1688 1307 1753 tuto.

374 1846 605 1948 Pyramidum
633 1847 769 1946 septeni
795 1846 911 1945 apices
939 1856 1114 1954 stupuere,
1139 1856 1318 1921 recentum
1367 1838 1375 1862 Χ
1502 1883 1566 1935 an)

373 2016 587 2091 Indomitum
615 2024 780 2115 stupuere
806 2016 990 2090 hominum
1015 2039 1132 2113 genus
1158 2026 1308 2115 utraque
1335 2043 1486 2118 semper

373 2190 449 2260 Hac
475 2186 662 2260 coniuncta
687 2195 792 2258 tenus
818 2185 934 2282 regio:
961 2183 1061 2258 modo
1086 2184 1231 2282 longius
1256 2185 1358 2258 illinc

372 2355 481 2426 Pulsa
506 2353 607 2439 Asia,
634 2350 719 2423 hinc
744 2350 858 2424 omnis
883 2374 1025 2448 prorsus
1053 2350 1259 2424 circumflua
1284 2361 1394 2450 ponto

374 2521 506 2606 Africa,
534 2528 638 2592 nacta
665 2543 802 2603 novam,
829 2518 996 2590 immanis
1023 2519 1122 2591 velut
1147 2519 1277 2606 insula,
1304 2519 1475 2597 formam.

374 2695 519 2786 Iamque
544 2713 605 2787 per
629 2688 805 2760 Arsinoen
830 2686 960 2761 crebris
986 2687 1094 2762 fretra
1120 2713 1220 2762 versa
1247 2691 1380 2765 carinis
1500 2727 1562 2781 300

371 2863 560 2932 Mutantur
584 2880 725 2942 mercen,
752 2863 894 2928 vectant
919 2881 1008 2953 quas
1035 2858 1113 2930 vela
1139 2859 1194 2931 vel
1221 2858 1346 2931 humor

294 3088 323 3103 ..
375 3027 582 3126 ignipotens
608 3032 772 3098 cursanta
798 3033 884 3097 rota.
912 3023 978 3096 Sed
1005 3032 1142 3122 postera
1168 3025 1262 3099 fama

371 3195 477 3270 Italia
503 3218 697 3290 nunquam,
724 3192 860 3265 maritis
887 3193 1059 3289 quaesita,
1089 3193 1232 3266 recedet.

372 3362 524 3462 Alpibus
550 3363 670 3461 ecquis
696 3361 791 3434 enim
817 3361 918 3435 nobis
946 3361 1094 3434 certabit
1122 3363 1280 3474 apertis?

371 3534 540 3632 Opatria
565 3557 585 3606 o
612 3553 794 3628 nunquam
821 3531 887 3605 tibi
913 3530 1025 3628 digna
1052 3533 1215 3630 superbia
1241 3533 1333 3606 desit
1463 3637 1466 3650 ι
1500 3572 1566 3631 305
1615 3512 1619 3528 ἡ

372 3708 521 3800 Sumpta
548 3703 686 3774 recens!
716 3725 900 3773 memorem
926 3709 1128 3798 pertentant
1153 3701 1288 3800 gaudia
1315 3714 1496 3797 mentem,

373 3873 491 3956 Quum
517 3879 633 3967 repeto
657 3893 749 3967 quae
775 3868 848 3940 vidi
875 3876 1024 3965 egomet,
1053 3868 1083 3942 si
1111 3869 1190 3943 visa
1215 3871 1373 3968 loquenti

373 4040 567 4113 Verborum
595 4047 722 4113 cautus
748 4047 904 4112 veterum
930 4038 1030 4113 modo
1056 4049 1221 4139 suppetat
1246 4067 1344 4114 usus.

372 4214 456 4284 Post
482 4209 543 4282 ubi
570 4209 701 4283 secedit
728 4209 852 4282 dextra
879 4208 950 4281 ima
977 4209 1126 4306 Segusio
1152 4209 1254 4295 valle,
