3248 5290
647 454 866 526 -205—

425 665 475 737 IN
504 664 799 738 SCRIPTOREM
825 667 1070 743 INSIPIDUM

287 907 387 994 Quod
412 909 484 982 iam
511 909 609 982 Brito
634 918 738 983 tuum
764 911 872 983 vertit
897 912 1094 1012 Gallosque
1119 916 1290 1005 libellum,

385 1079 459 1154 Nos
485 1079 578 1153 inter
603 1079 715 1166 tolliS,¹
738 1081 884 1178 scriptor
909 1083 1030 1171 amice,
1056 1085 1203 1161 animos.

287 1252 317 1322 O
342 1250 480 1323 utinam
507 1250 682 1336 invoniaa
710 1251 811 1324 nobis
837 1253 900 1350 qui
925 1253 1077 1354 danique
1102 1259 1255 1345 chartaa

384 1420 520 1519 Captus
547 1445 672 1507 amore,
699 1429 782 1496 tuas
808 1433 923 1497 vertat
950 1435 985 1499 et
1012 1428 1140 1502 italico.

691 1691 790 1700 a———-=

422 1908 631 1979 MENDAX
656 1908 717 1978 ET
744 1909 851 1982 EIUS
877 1911 1064 1986 STATUA

276 2149 380 2223 Illius
407 2149 571 2246 effigiem,
594 2149 657 2246 qui
683 2150 779 2222 clara
805 2174 824 2222 o
850 2151 959 2249 stirpe
985 2178 1127 2227 suorum
1166 2131 1169 2138 ¹

379 2322 513 2396 Amisit
538 2345 650 2419 nuper
675 2321 803 2394 tertius
828 2321 1026 2420 imparium,

279 2493 472 2592 Obstupuit
480 2491 636 2591 quidam,
649 2491 736 2564 haec
747 2491 855 2565 fatus:
874 2503 1049 2592 quantum
1061 2494 1176 2569 instar
1193 2497 1231 2570 in
1241 2498 1318 2596 ipso
1328 2501 1393 2572 est!

378 2664 493 2736 Vivus
519 2661 638 2736 adest:
666 2686 752 2735 sano
778 2687 847 2736 vox
873 2662 1009 2738 homini
1036 2689 1109 2737 una
1134 2663 1242 2739 deest.

279 2836 379 2908 Alter
405 2833 448 2906 ad
475 2832 572 2918 haec,
598 2832 730 2930 paritor
757 2842 953 2930 spectatum
980 2833 1178 2916 admissus:
1206 2836 1327 2922 amico,

316 2989 318 2996 ¹
376 3003 439 3076 Nil
464 3002 611 3093 molius3
639 3000 803 3086 mendax,
830 3010 872 3073 ut
898 3003 1008 3099 prius,
1034 3003 1110 3100 ipse
1137 3001 1235 3077 forat.

687 3256 786 3265 ..ι-

428 3577 431 3584 ,
493 3471 634 3544 ornis
661 3471 721 3541 nr
752 3472 974 3545 varanna

273 3703 377 3774 Forte
404 3697 561 3781 viatorio,
588 3695 702 3793 patrio
727 3694 789 3792 qui
816 3695 855 3766 in
882 3695 999 3768 littore
1025 3695 1163 3768 oberrat

370 3868 470 3953 Arni,
498 3891 600 3939 crura
625 3847 722 3938 forus
748 3865 853 3938 dente
879 3866 1006 3964 premit
1032 3867 1183 3939 catulus.

229 4001 232 4006 Ι
271 4039 369 4112 Brito
394 4036 513 4135 procul
540 4035 735 4109 conclamat
761 4034 887 4108 horus:
914 4034 1097 4108 blanditur
1123 4036 1253 4126 amico3

368 4206 514 4280 innocui
540 4205 579 4277 hi
606 4205 728 4291 nostri,
754 4204 856 4276 mitte
882 4204 1015 4290 timere,
1042 4229 1156 4278 canos.
