3248 5290
653 424 874 494 -199-

390 689 577 763 SCURRA
603 691 663 761 ET
692 689 877 763 CURRUS
903 689 1132 763 PUBLICUS

298 928 423 1002 Rheda
449 929 535 1003 viris
562 930 694 1026 stipata
723 929 841 1024 (datur
866 952 1020 1026 namque
1045 929 1209 1003 omnibus
1235 955 1387 1030 aequum

345 1107 346 1116 ’
398 1100 458 1172 Ius
485 1099 595 1196 pretio
620 1123 640 1172 e
664 1103 783 1196 parvo)
811 1099 943 1172 transit
969 1098 1036 1171 iter
1062 1098 1206 1171 faciens.

298 1269 458 1344 Seitatus
482 1269 647 1368 quidam:
675 1271 789 1343 hacne
814 1271 922 1356 locus,
949 1269 1041 1356 cedo,
1068 1277 1179 1343 restat
1205 1270 1244 1342 in
1270 1271 1388 1344 Arca?

398 1443 542 1516 Audiit:
569 1468 675 1529 unus,
703 1443 829 1530 adhue,
855 1443 1050 1541 ingredere,
1077 1451 1132 1516 est
1158 1443 1267 1518 asine.

703 1695 802 1706 ...ι-

530 1914 700 1988 PICTOR
724 1915 977 1987 IMPERITUS

292 2158 372 2242 Quo
396 2159 524 2232 melius
549 2159 659 2257 pictor
685 2159 813 2231 celeres
839 2159 1009 2244 imitetur,
1036 2181 1203 2256 equorum

390 2328 557 2426 Negligit
582 2328 620 2400 in
647 2327 781 2402 tabulis
810 2329 943 2425 fingere
969 2327 1036 2400 rite
1061 2327 1175 2425 pedes

141 2593 146 2607 1
291 2494 465 2595 Obstupet
490 2497 635 2596 ingrata
660 2496 808 2596 quidam
833 2498 1011 2591 novitate;
1039 2497 1099 2571 sed
1125 2498 1205 2572 ille:

390 2665 463 2740 Cur
488 2667 640 2765 quaeris
668 2666 778 2754 sodes,
805 2667 897 2765 quod
924 2667 1015 2765 fuga
1042 2676 1165 2765 sponte
1190 2667 1310 2764 tegit?

290 2839 421 2938 incipit
447 2839 581 2913 interea
607 2839 731 2937 fugere
758 2839 790 2912 is
817 2839 936 2938 procul
962 2839 1062 2930 inde,
1088 2838 1249 2937 pedesne,

389 3010 569 3097 Clemens,
596 3009 711 3082 cernis
737 3007 881 3082 adhuc?
907 3008 996 3083 alter
1023 3009 1092 3083 ait:
1121 3018 1282 3109 quatuor.

700 3261 799 3274 ἡ

331 3481 603 3556 DISCIPULUS
630 3483 690 3553 ET
717 3482 868 3554 IUDEX
882 3482 1167 3554 ‘STUDIORUM

291 3706 452 3781 Crassior
477 3705 622 3802 ingenio
649 3704 847 3779 studiorum
873 3729 1011 3776 summa
1037 3705 1166 3802 pericla

386 3878 460 3948 lam
486 3873 591 3948 facit:
620 3872 687 3946 hac
712 3873 871 3946 animum
897 3870 1027 3958 iudicis
1053 3881 1128 3946 arte
1153 3881 1277 3947 movet.

286 4045 342 4118 Ne
367 4044 535 4142 reprobes,
562 4043 838 4117 misereremei:
868 4064 969 4114 secus
995 4065 1124 4140 aequor
1148 4042 1187 4114 in
1213 4043 1325 4114 altum

388 4213 479 4285 Hinc
505 4237 560 4284 me
586 4210 810 4310 praeeipitem
837 4208 997 4308 protinus
1023 4210 1098 4308 ipse
1124 4208 1222 4284 dabo.
