3248 5290
646 485 695 494 -—
721 442 788 514 201
819 485 868 494 —-

449 679 641 750 AVARUS
668 678 728 747 ET
757 678 841 748 VIA
868 676 1057 746 FERREA

295 898 542 999 Chrysalogus
568 898 729 972 facturus
755 897 833 984 iter,
860 898 1041 996 compulsa
1069 923 1204 996 vapore,

391 1068 527 1167 Quippe
553 1077 662 1142 tenax
689 1069 778 1155 auri,
804 1068 910 1142 tertia
936 1069 1099 1166 plaustra
1124 1071 1225 1169 legit.

292 1240 368 1314 Cur
393 1239 471 1312 ita?
495 1239 712 1338 dedignatus
737 1239 844 1327 enim,
873 1240 1075 1339 interpellat
1101 1242 1247 1316 amicus

392 1410 454 1482 Nil
481 1411 620 1495 mirum,
648 1408 778 1500 subdit3
806 1418 935 1508 quarta
962 1410 1083 1484 deesse
1110 1411 1218 1485 vides.

577 1826 672 1897 DUO
701 1825 933 1898 VIATORES

292 2071 403 2138 Arata
429 2066 486 2138 via
512 2076 577 2151 est,
604 2065 738 2163 unique
766 2063 872 2139 datur
898 2065 960 2136 vix
986 2088 1154 2162 gressus:
1182 2065 1300 2139 eodeni

389 2234 539 2308 Adversi
566 2235 704 2309 faciunt
729 2261 824 2309 unus
850 2244 886 2309 et
912 2235 1001 2308 alter
1027 2236 1105 2322 iter,
1154 2249 1158 2262 '

293 2408 541 2478 Praetereunte
564 2405 676 2491 asino,
703 2430 798 2478 unus
825 2406 887 2491 ait,
915 2428 985 2479 non
1011 2405 1086 2504 ipse
1112 2406 1249 2482 recedo:

251 2569 254 2578 ’
392 2577 582 2650 Declinans
609 2577 717 2650 alter:
745 2583 866 2650 contra
892 2599 958 2674 ege
985 2600 1129 2675 semper,
1156 2577 1225 2652 abi.

702 2847 801 2857 ..—-.--

381 3081 568 3155 FEMINA
594 3082 790 3165 1011111111
816 3083 876 3153 ET
904 3080 1116 3155 MEDICUS

292 3358 441 3431 Incubat
466 3356 528 3431 lda
554 3366 636 3445 tore,
663 3356 891 3456 medicusque
916 3358 1116 3432 arcessitur.
1142 3359 1220 3429 Heu
1246 3379 1311 3441 me,

380 3530 536 3628 -lnspica
563 3530 689 3617 docter,
717 3530 779 3617 ait,
806 3539 893 3628 quot
918 3531 1013 3603 mala
1039 3553 1095 3604 me
1120 3529 1288 3602 cruciant.

291 3699 415 3773 Pulme
439 3700 606 3798 latusque
632 3698 760 3786 dolent,
788 3699 884 3772 iecur
910 3698 1037 3785 uritur,
1065 3697 1163 3772 arida
1189 3695 1302 3800 pellis²

387 3870 504 3945 Pallor
529 3871 568 3944 in
592 3894 661 3958 ore,
687 3879 817 4022 grapat
843 3870 951 3944 febris
977 3870 1107 3942 anhela
1133 3878 1248 3968 caput.

255 4047 257 4052 '
291 4045 398 4114 Paree
423 4049 531 4128 metu,
558 4041 680 4115 faveas
705 4049 847 4113 tantum
873 4037 1060 4136 indulgere
1084 4038 1208 4137 quieti,

385 4211 449 4284 llle
475 4210 536 4283 ait.
563 4211 621 4283 Ah
648 4212 823 4309 linguam,
851 4209 1087 4283 seminatum
1114 4209 1284 4306 sequitur,

1298 4378 1332 4430 ar
