3246 5314
639 474 836 544 -.23..

232 685 424 783 Libertatis
451 685 566 794 amor3
592 703 703 776 letum
729 728 813 775 nam
839 702 941 776 triste
966 672 1121 800 paratur,

227 878 275 951 Ni
305 899 461 974 superae,
487 882 589 973 parta
613 871 752 972 praeda,
779 871 945 946 concedat
971 870 1016 944 ad
1042 896 1130 946 oras.

226 1047 300 1117 Nec
324 1045 473 1142 longum
498 1043 537 1114 in
563 1040 677 1116 medio
703 1050 853 1140 tempus,
880 1067 991 1140 quum
1017 1021 1174 1140 praescia
1198 1043 1307 1141 pallet
1336 1071 1390 1125 400

226 1211 345 1286 Turba
370 1220 480 1298 metu,
504 1210 604 1284 mitis
629 1234 778 1309 quorum
805 1209 983 1284 sententia
1009 1209 1112 1284 cordi.

224 1386 318 1457 Nam
345 1385 472 1482 pelago
496 1391 538 1456 ut
562 1382 715 1480 primum
742 1379 848 1454 rediit
872 1381 1025 1479 piscator
1050 1380 1170 1454 inanis

222 1553 338 1625 Multa
363 1550 528 1638 fremens,
553 1552 794 1651 glaucumque
819 1551 925 1649 vagis
950 1561 1057 1650 caput
1083 1511 1218 1626 extulit
1243 1551 1360 1637 undis

221 1724 418 1820 Exceptum
444 1721 681 1818 immergunt:
708 1719 835 1794 misero
862 1742 941 1818 spes
966 1721 1068 1795 nulla
1094 1719 1253 1794 natandi.

222 1892 330 1976 Queis
356 1899 476 1964 tamen
502 1891 637 1989 exigua
662 1891 827 1994 quamvis
852 1889 995 1965 fortuna
1020 1899 1162 1988 peracta
1234 1999 1238 2006 .
1333 1918 1386 1972 405

221 2062 329 2134 Rexit
353 2061 420 2134 iter
445 2059 584 2159 praeda,
611 2069 730 2135 coetus
756 2059 875 2134 subito
903 2058 1029 2134 obvius
1053 2059 1169 2135 omnis

221 2229 366 2327 Excipit
390 2229 573 2302 exanimes
598 2229 735 2327 pelage,
762 2228 976 2328 fremituque
1002 2229 1147 2302 salutat.

219 2396 376 2470 Membra
401 2406 525 2496 patent
550 2398 687 2472 laniata
713 2419 842 2471 canum
870 2397 1112 2499 (lacrymabile
1139 2399 1236 2492 visu)

219 2565 414 2639 Morsibus:
442 2575 548 2666 atque
575 2591 689 2655 aures,
715 2567 795 2642 nasi
822 2575 858 2640 et
884 2566 1077 2665 spiramina
1103 2575 1251 2640 manant

221 2734 420 2833 Sanguinis
446 2734 579 2827 imbre3
605 2760 706 2809 cruor
732 2736 889 2809 calcatur
914 2735 1033 2809 littore
1057 2734 1205 2808 mixtus.
1333 2760 1387 2815 410

217 2903 301 2976 Non
324 2903 466 2976 miseris
492 2902 593 2977 docta
618 2905 840 3002 properantia
867 2904 943 2978 lata
970 2904 1105 2978 medela

218 3075 308 3144 Arte
333 3071 449 3171 fugat,
477 3073 680 3174 lymphisve
705 3073 776 3146 imo
802 3080 877 3148 stat
902 3075 1048 3148 vulnere
1073 3074 1235 3171 sanguis.

112 3307 116 3312 .
219 3241 424 3339 Erumpunt
448 3250 569 3315 contra
597 3266 709 3330 vocae,
735 3241 938 3341 mediosque
963 3243 1089 3316 morati

224 3409 435 3497 Semineces,
460 3412 569 3486 lituos
595 3420 631 3485 et
656 3412 787 3485 circum
812 3413 973 3486 animosa
1000 3412 1166 3486 tubarum

219 3581 315 3649 Aera
340 3579 454 3672 cient;
480 3580 601 3679 rapido
626 3580 709 3654 dein
734 3606 808 3655 una
834 3607 973 3681 corpora
999 3581 1106 3668 flexu,
1335 3609 1389 3666 415

115 3813 120 3824 .
218 3745 322 3818 Picta
347 3771 471 3844 genas,
498 3749 629 3824 laceros
655 3774 747 3848 gens
773 3758 809 3823 et
834 3749 973 3824 foedata
999 3751 1144 3849 capillos

220 3915 409 4005 Sollicitat,
437 3919 555 3993 raucis
581 3918 701 3993 reboat
727 3919 937 3993 stridoribus
963 3919 1103 3993 aether:

219 4083 373 4158 Talibus
399 4085 557 4160 invitant
581 4087 704 4185 pretiis
730 4085 931 4160 miserabile
957 4086 1100 4184 vulgus

21 4243 22 4252 ¹
71 4245 165 4329 XlV.
217 4256 372 4340 Interea,
398 4254 490 4328 vada
515 4254 599 4329 dum
626 4265 799 4355 repetunt,
826 4256 1042 4356 cymbaeque
1068 4254 1270 4352 frequentes
