3246 5314
796 459 992 530 „46-

386 695 477 764 Tum
503 715 583 765 vero
609 700 762 764 arrectae
787 699 923 763 mentes
951 697 1108 788 spectare
1132 712 1193 787 per
1218 687 1382 764 umbram

386 863 575 961 Impositas
601 861 693 936 coelo
718 869 851 946 cautes,
879 859 1030 934 sublime
1055 883 1235 944 cacumen,

386 1041 504 1132 Atque
531 1057 656 1132 specus
681 1031 819 1106 aditum
845 1031 1092 1130 patefactaque
1119 1030 1263 1102 viscera.
1289 1029 1457 1103 Monstra

387 1200 612 1299 Pr0spiciunt
637 1197 763 1297 trepidi
776 1198 898 1296 pueri,
925 1199 1129 1296 pallentque
1154 1198 1301 1298 puellae.
1513 1222 1563 1278 330

390 1372 535 1465 lamque
559 1367 657 1441 subit
682 1365 828 1440 reboans
855 1367 1059 1464 speluncam
1085 1364 1261 1487 machina,
1287 1388 1411 1440 secum

387 1540 492 1612 Retro
517 1536 692 1610 catenatis
717 1535 906 1634 plaustris:
934 1543 1074 1610 tacuere
1098 1541 1250 1619 tuentes

387 1704 622 1802 Insinuatque
646 1729 761 1802 pavor.
788 1703 948 1780 Ferimur
972 1725 1164 1799 peropaca
1190 1701 1329 1777 viarum

388 1874 574 1972 Prmcipio
600 1873 810 1971 quandoque
834 1871 926 1946 redit
953 1871 1120 1969 spirabile
1145 1871 1276 1956 lumen,

389 2046 467 2130 Qua
492 2045 604 2117 latera
629 2044 783 2141 exiguas
805 2043 911 2118 tereti
935 2041 1024 2115 dant
1048 2066 1106 2116 ore
1132 1997 1326 2120 fenestras.¹
1510 2074 1561 2127 335

388 2219 482 2290 Nam
509 2215 642 2289 flexum
668 2216 785 2288 exesis
809 2224 961 2312 utraque
985 2213 1024 2285 in
1050 2211 1164 2290 fronte
1188 2211 1347 2287 cavernis

389 2387 618 2461 Vestibulum
643 2386 839 2484 imposuere
866 2384 946 2470 viri,
972 2393 1013 2457 nt
1039 2383 1244 2460 curvamine
1267 2382 1404 2455 clivum

390 2557 540 2632 Molliat.
565 2556 639 2628 Hoc
664 2554 804 2628 demum
830 2563 953 2628 exacto
979 2553 1119 2650 nigrore
1143 2551 1297 2630 latebrae

393 2729 468 2799 lam
494 2725 638 2823 penitus
664 2731 813 2821 coeptae,
838 2723 1031 2820 mollesque
1056 2729 1231 2818 tepescere
1256 2689 1364 2794 venti

390 2893 502 2978 Quale
527 2915 588 2990 per
613 2890 763 2963 incertos
789 2891 856 2964 iter
881 2899 936 2964 est
960 2889 1116 2986 caligine
1142 2889 1251 2976 lucos,
1508 2922 1559 2976 340

390 3063 508 3146 Quum
534 3060 667 3134 coelum
693 3059 880 3134 involvunt
904 3060 1078 3147 tenebrae,
1105 3070 1141 3134 et
1166 3083 1227 3158 per
1254 3059 1380 3139 nubila
1406 3069 1528 3141 noctis

388 3233 503 3303 Parva
529 3229 663 3302 micant
688 3229 849 3302 tremulis
875 3229 985 3304 radiis
1011 3229 1236 3327 fugientibus
1265 3240 1373 3308 astra.

391 3397 533 3472 Scilicet
558 3399 703 3484 alterno,
728 3398 934 3496 geminatur
959 3400 1065 3486 enim,
1092 3400 1213 3476 ordine
1238 3401 1383 3479 flamma

393 3567 532 3641 Moenia
558 3591 655 3666 pone,
683 3568 792 3642 micat
816 3570 965 3643 laternis
990 3571 1131 3644 clausa:
1159 3571 1226 3645 sub
1251 3573 1349 3671 ipsas

391 3737 501 3810 Exesi
527 3737 644 3818 loculi,
671 3739 763 3836 vigil
789 3740 883 3812 unde
908 3741 1076 3815 immotus
1102 3743 1202 3816 eunti

297 4140 327 4183 V.
341 4141 388 4186 ωδ.
409 4141 550 4185 Molliorem
565 4152 700 4187 ascensum
720 4142 815 4190 facturi
829 4158 860 4190 ex
876 4148 986 4202 utraque
1000 4147 1083 4190 fronte
1099 4147 1210 4204 Alpium,
1231 4149 1425 4194 Architectones
1447 4153 1556 4199 effossae

243 4210 354 4265 cryptae
369 4212 508 4255 adiunxere
523 4212 686 4256 Vestibulum
701 4215 771 4258 facili
786 4217 928 4260 curvatura
942 4217 1086 4270 formatum,
1101 4218 1209 4262 structis
1223 4217 1304 4262 instar
1313 4229 1405 4274 specus
1418 4225 1556 4270 moenibus

244 4278 392 4323 fenestratis
407 4291 466 4324 cum
481 4281 583 4325 fornice.
599 4283 743 4338 Utrumque
757 4287 915 4330 vestibulum
929 4289 1011 4342 vulgo
1025 4289 1120 4329 dicitur
1133 4302 1146 4334 «
1157 4289 1267 4332 Gallerla
1278 4289 1306 4332 ut
1318 4286 1556 4339 Rectordamentw
