3236 5306
794 465 989 534 -„7(3‚.

392 694 472 768 Non
498 716 598 766 secus
629 717 669 765 ec
695 690 936 778 Salamand'ra,
963 715 1095 790 vagum
1122 699 1211 764 retro
1237 692 1350 764 traxit
1376 691 1556 766 obortam.

390 861 486 936 Exin
512 870 623 935 rostra
650 860 744 948 feris,
771 860 855 934 exin
880 858 1059 958 marsupia
1086 861 1231 947 ventris

389 1029 505 1102 Nacta
529 1029 654 1114 locum,
680 1037 809 1102 natura
834 1025 949 1101 dedit:
977 1052 1057 1101 mox
1083 1026 1229 1101 neribus
1256 1027 1385 1101 efflans

393 1199 500 1272 Simis
527 1197 795 1298 Cercopithecus
821 1197 940 1271 adest:
968 1197 1008 1271 fit
1035 1196 1146 1272 Simia
1170 1197 1325 1286 tandem,
1519 1225 1569 1278 ito

392 1367 485 1440 Hinc
509 1367 621 1453 homo,
649 1367 800 1465 seposita
826 1365 948 1453 cauda,
975 1366 1178 1465 spectabilis
1203 1391 1270 1442 ore.

393 1537 491 1622 Quae
517 1534 635 1622 didici,
662 1560 784 1610 narro:
813 1534 902 1609 mihi
928 1520 1015 1609 trine
1041 1521 1271 1611 incredulus?
1295 1541 1403 1637 atqui

392 1707 450 1780 Sic
475 1705 599 1779 habet:
627 1705 775 1804 inquot
801 1704 886 1778 item
914 1704 1046 1804 species
1072 1729 1109 1778 se
1134 1706 1240 1779 vertit
1267 1716 1302 1780 et
1327 1732 1403 1794 ora,

393 1879 488 1948 Ante
512 1871 601 1946 levis
626 1897 732 1970 quem
760 1897 797 1946 se
822 1873 966 1971 paribus
992 1872 1084 1948 coelo
1112 1873 1241 1948 audeat
1265 1874 1334 1948 elis

391 2039 538 2117 Credere
563 2038 713 2138 papilio!
743 2040 874 2114 Tineee
899 2040 1075 2114 vilissima
1100 2041 1251 2140 primum
1519 2075 1567 2128 145,

391 2213 460 2285 Ora
485 2210 599 2309 gerit:
626 2209 709 2283 dein
734 2210 931 2285 folliculum
955 2210 1172 2310 glomeratur
1198 2214 1236 2286 in
1263 2225 1405 2291 arctum

394 2379 593 2481 ChrysaliS,
620 2388 741 2478 erupto
770 2403 860 2478 quae
885 2378 1026 2453 tandem
1052 2404 1187 2454 carcere
1213 2381 1358 2458 formam

392 2548 585 2648 Egreditur
609 2547 737 2622 mirata
763 2571 900 2635 novam,
927 2548 1055 2623 mirata
1081 2549 1219 2624 colores.

396 2720 491 2815 Ergo
516 2717 597 2803 huc,
624 2715 718 2790 unde
744 2717 826 2804 abii,
851 2716 969 2791 redeo:
998 2718 1029 2792 si
1055 2728 1191 2792 caetere
1218 2721 1367 2819 spernis,

393 2887 524 2960 Saltem
551 2887 762 2985 principium
786 2887 928 2985 generis
954 2897 1027 2961 stat
1053 2888 1157 2962 simia
1182 2891 1292 2964 nostri
1307 2917 1339 2964 ».
1518 2925 1565 2978 mo

394 3057 488 3125 Ante
513 3075 580 3150 ego
604 3052 809 3152 dispeream,
835 3080 942 3153 quam
968 3081 1109 3130 rursum
1135 3058 1295 3146 insanus
1322 3069 1365 3133 ut
1396 3063 1485 3152 iste,

398 3220 532 3296 Obvius
558 3233 715 3297 occurret
741 3224 886 3322 cupiens
911 3224 1117 3299 contendere
1141 3250 1288 3301 mecum.

395 3388 459 3461 Nil
485 3413 551 3487 ego
567 3389 612 3462 ed
630 3390 717 3464 haee
744 3392 1001 3486 (stomachabar
1018 3392 1125 3486 enim)
1144 3403 1218 3467 tam
1235 3394 1371 3493 putida.
1402 3401 1565 3498 Uterque

394 3559 525 3654 Urget:
554 3558 734 3656 «Siquid
760 3559 880 3646 habeo,
907 3558 998 3634 falsa
1023 3560 1110 3635 haec
1135 3587 1198 3637 nos
1224 3563 1325 3637 vinee
1351 3565 1497 3643 locutos
1510 3597 1541 3640 >›.

336 3782 342 3796 .
394 3723 461 3797 Sed
487 3734 652 3823 praestat,
678 3725 810 3800 domita
835 3727 915 3814 bile,
943 3728 1085 3803 irridere
1111 3732 1280 3830 superbis.
1518 3769 1565 3822 155,

394 3891 527 3966 «Talia
553 3915 623 3968 non
648 3920 805 3993 unquam
832 3896 998 3970 cathedra
1026 3899 1237 3996 spectandus
1264 3901 1309 3976 eb
1336 3903 1416 3979 alta

392 4062 552 4135 Intonuit
576 4062 638 4160 qui
664 4088 745 4138 voee
769 4064 856 4138 velit
882 4065 1019 4163 placare
1046 4075 1234 4143 tumentes.

392 4234 441 4302 At
467 4231 497 4302 si
523 4240 623 4328 turpe
650 4257 755 4329 pecus
782 4233 916 4307 fuimus
943 4259 1006 4307 nos
1034 4244 1148 4323 antea,
1177 4248 1267 4311 certe
