3236 5306
373 941 730 1042 rornroonn
763 941 1017 1070 nnonns

645 1212 743 1222 ——.--

235 1587 324 1658 Rom
350 1584 469 1683 populi
496 1607 618 1657 curare
645 1581 777 1668 studes,
805 1581 965 1656 adscitus
993 1581 1030 1653 in
1059 1581 1189 1653 Aulam

184 1758 241 1827 Tu
267 1776 405 1852 quoquo
431 1722 659 1852 spectandain
685 1752 821 1851 patriae
847 1751 954 1848 longo
979 1749 1101 1825 ordine
1127 1758 1279 1848 patrum.

185 1923 343 2009 Gaudeo,
370 1922 512 2010 Quinte,
539 1923 627 1998 bene
652 1932 724 1996 est:
751 1946 967 2020 quamquam
994 1921 1025 1994 si
1052 1920 1140 1994 forte
1166 1941 1328 2018 rogasses

184 2095 243 2164 Me
269 2091 379 2192 prius,
406 2091 550 2191 optandi
577 2091 704 2165 fuerim
731 2117 802 2166 non
828 2091 988 2165 muneris
1015 2099 1136 2164 auctor

186 2263 269 2357 Ipso
295 2259 370 2333 tibi.
397 2263 530 2333 Verum
557 2260 735 2358 quoniam,
762 2285 832 2334 non
860 2268 943 2332 ante
969 2259 1096 2358 petitor

186 2431 287 2503 Inter
312 2431 426 2503 multa
451 2430 539 2503 meri
565 2430 723 2505 ventosis
749 2430 874 2529 pocula
902 2415 1028 2515 verbis,

187 2601 238 2672 Ut
265 2598 462 2696 perhibent,
491 2623 602 2698 nuper
627 2607 799 2698 punctum
826 2598 933 2673 ferme
958 2623 1060 2673 omne
1085 2598 1215 2684 tulisti,

185 2767 392 2867 Adgredere
417 2793 437 2844 o
462 2768 615 2857 meritos,
642 2769 802 2844 faustum
828 2771 943 2869 placet
969 2793 1081 2856 omen,
1108 2769 1266 2843 honores,

187 2939 286 3011 Haec
311 2947 431 3012 tamen
458 2947 540 3012 ante
566 2937 690 3025 bonus,
717 2962 809 3038 quae
826 2963 922 3012 nunc
947 2939 1078 3037 loquor,
1101 2938 1223 3037 excipe
1248 2938 1356 3026 dicta,

188 3110 227 3183 Si
253 3120 380 3184 manet¹
399 3111 438 3183 in
463 3112 574 3210 pretio
600 3111 725 3210 primis
750 3110 818 3184 tibi
844 3120 950 3184 notus
978 3109 1022 3184 ab
1049 3110 1164 3183 annis.

188 3279 368 3379 Principio
394 3279 573 3376 (adversas
599 3307 682 3355 nam
710 3279 809 3354 sedes
836 3279 1001 3353 novimus
1027 3301 1116 3365 esse,

189 3449 334 3522 Invenit
358 3431 462 3523 unde*
478 3450 593 3524 virum
619 3458 739 3524 coetus
764 3472 958 3548 cognomen
984 3449 1023 3520 in
1049 3449 1146 3545 aula)

190 3619 248 3690 Ne
273 3642 494 3718 quocumque
520 3618 624 3717 pedes
649 3619 798 3692 tulerint
823 3627 869 3704 te,
897 3618 984 3691 siste
1009 3616 1146 3691 beatus.

190 3787 279 3862 Fors
304 3787 395 3860 mihi
422 3812 616 3876 succenseo,
643 3798 685 3862 ut
709 3789 772 3888 qui
798 3813 868 3862 non
893 3811 1034 3885 prorsus
1059 3785 1180 3860 eadem

192 3957 370 4055 Egregios
395 3967 573 4056 praestare
598 3968 719 4058 putem
745 3959 877 4032 virtute
903 3957 1051 4043 sodales,

194 4127 266 4200 Seu
293 4150 387 4200 nunc
412 4127 514 4200 laeva
540 4127 619 4215 sibi,
649 4121 712 4201 seri
738 4127 864 4202 dextra
891 4127 1016 4201 sedilia
1043 4137 1198 4226 poscant.

195 4293 279 4366 Non
306 4293 374 4368 ita:
402 4321 484 4369 nam
512 4300 646 4391 (verum
673 4297 798 4393 fatear)
825 4322 912 4396 quos
938 4306 1020 4370 ante
1046 4299 1234 4396 malignos
1288 4285 1291 4292 λ

1258 4468 1289 4520 13
