3246 5314
786 457 982 528 ...34-

379 687 428 759 Ni
455 687 572 762 subito
597 687 763 786 ignorent
787 686 1003 784 primaevam
1030 685 1168 758 semina
1191 661 1334 758 terram.

376 861 427 931 At
451 857 564 931 veluti
590 856 715 932 furtim
741 857 864 931 affines
890 856 1104 930 transmissa
1130 879 1190 954 per
1216 880 1321 954 agros

377 1032 497 1127 Atque
522 1028 624 1102 novis
651 1035 819 1101 consueta
843 1026 973 1125 plagis,
999 1036 1077 1100 tum
1102 1025 1267 1124 germina
1292 1024 1458 1112 trudent,

376 1199 552 1272 Miratura
578 1221 660 1272 suos
688 1197 758 1272 alio
787 1197 854 1272 sub
880 1196 993 1271 sidere
1018 1195 1144 1270 foetus.

377 1370 451 1442 Hoc
476 1353 639 1467 equidem
664 1374 766 1465 pacto
790 1365 933 1440 demum
959 1364 1124 1438 canentia
1149 1365 1275 1451 lucem,

375 1537 579 1612 Seminibus
605 1537 742 1636 positis,
769 1537 970 1610 hauserunt
994 1534 1135 1621 vellera,
1161 1542 1197 1606 et
1221 1534 1315 1607 ultro

376 1707 526 1804 Excepit
551 1704 697 1779 frutices
724 1705 833 1778 alieni
857 1704 978 1803 gratia
1004 1661 1100 1778 coeli.

372 1873 515 1948 Semina
541 1899 624 1948 nam
650 1875 750 1972 prius
777 1873 957 1947 austrinos
983 1873 1056 1945 iam
1081 1898 1188 1970 passa
1213 1873 1356 1960 calores,

372 2033 458 2118 Mon
482 2043 619 2145 Libyae
644 2067 784 2118 sensere
808 2044 946 2142 plagas,
973 2067 1055 2116 mox
1081 2042 1241 2116 Helladis
1267 2067 1376 2130 oram,

280 2273 287 2286 .
376 2215 425 2287 Et
449 2213 590 2288 Melites
617 2223 761 2312 experta
787 2209 881 2301 dein,
907 2214 1077 2312 cultuque
1101 2214 1232 2288 recenti

371 2383 576 2457 Trinacrius
602 2382 740 2456 ditatur
765 2405 861 2481 ager,
887 2381 1024 2455 ditatur
1048 2391 1084 2456 et
1110 2382 1186 2481 ipse

367 2551 542 2638 Bruttius,
570 2560 676 2650 atque
701 2575 814 2625 novus
840 2551 1074 2649 Pompeianae
1098 2551 1215 2626 incola
1240 2561 1365 2626 terrae.

371 2720 457 2793 Vidi
483 2730 632 2819 egomet,
657 2747 729 2820 qua
753 2731 846 2796 tetra
872 2721 945 2798 fero
970 2731 1113 2797 vastata
1139 2725 1275 2797 Vesevo

371 2894 416 2964 Se
440 2892 548 2964 tellus
574 2889 672 2964 facili
698 2891 864 2966 subducit
890 2892 935 2966 ad
961 2917 1112 2992 aequora
1138 2893 1239 2979 cliv0,

365 3060 495 3134 Omnia
519 3060 693 3159 lanigeris
719 3061 850 3135 circum
877 3061 1056 3142 florescere
1080 3063 1225 3162 plantis.

369 3229 450 3302 Heu
476 3228 584 3304 facies
610 3255 796 3330 rerumque
822 3232 928 3319 vices,
954 3242 990 3306 et
1014 3242 1171 3332 tempora
1196 3235 1317 3307 versa!

364 3393 434 3471 Hic
458 3399 623 3498 Pompeia
649 3401 763 3498 palus,
792 3400 852 3474 hic
876 3399 1053 3499 quondam
1079 3411 1186 3500 grata
1213 3402 1347 3475 Salinis

368 3572 552 3646 Herculeis
579 3574 696 3661 statio,
724 3575 826 3673 queis
851 3575 936 3648 fecit
960 3574 1105 3649 nomina
1129 3579 1233 3650 Petra

366 3745 540 3831 Herculis,
566 3745 663 3819 haud
689 3746 821 3844 procul*
835 3746 963 3844 irrigui
988 3709 1063 3820 lata
1089 3747 1181 3821 ostia
1207 3748 1331 3838 Sarni;

268 4155 298 4201 V.
314 4156 422 4202 loa-104.
439 4155 519 4201 Polus
532 4157 588 4199 erat
601 4165 677 4211 prope
692 4158 835 4211 Pompeios:
850 4157 881 4200 de
895 4166 925 4201 aa
939 4156 1055 4211 loquitur
1069 4156 1167 4201 Colum.
1184 4155 1217 4209 lo,
1233 4155 1279 4200 135.
1300 4155 1415 4207 Salinae,
1430 4165 1484 4200 seu
1500 4159 1546 4203 lo-

216 4237 271 4280 cus,
284 4237 335 4282 quo
349 4227 387 4270 sal
401 4228 548 4282 parabatur,
567 4227 636 4270 circa
649 4227 784 4283 Paludem
805 4228 889 4271 dictae
904 4227 1063 4274 Her-omma
1079 4227 1153 4272 Petra
1167 4226 1291 4278 maelis,
1305 4233 1374 4268 nune
1390 4226 1501 4280 Scoolio
1515 4233 1546 4276 di

215 4298 375 4351 Isocratiam,
389 4298 519 4352 Pompeios
534 4297 601 4341 inter
615 4299 641 4340 et
655 4298 763 4344 stabias.
779 4297 816 4343 Cf.
832 4298 888 4342 Ros.
903 4298 967 4342 Dies.
983 4298 1049 4354 Isag.
1066 4308 1088 4353 p.
1103 4297 1137 4342 30.
