3248 5290
804 453 952 526 *194
976 493 1026 506 -

544 649 731 722 FEMINA
765 649 825 721 ET
851 647 1041 722 PEPLUM
1072 644 1284 718 AMISSUM

453 876 519 948 Pro
544 875 644 973 peplo
670 897 802 947 merces
828 872 996 946 denarius
1021 897 1117 944 unus
1143 879 1179 943 et
1203 869 1293 942 alter

553 1042 710 1130 Ponitur,
736 1042 909 1116 amissum
936 1039 1028 1138 quod
1053 1039 1204 1113 catione
1230 1035 1335 1111 dolet.

452 1213 510 1287 Ah
536 1212 648 1285 mole!
678 1210 848 1285 sericeum
875 1210 1019 1283 tantillo
1044 1231 1190 1281 munere
1215 1205 1360 1305 peplum

549 1379 639 1468 Quis
665 1377 793 1452 dabit?
817 1401 1001 1452 occurrens
1026 1385 1082 1450 est
1107 1375 1158 1448 ita
1184 1381 1312 1474 questa
1340 1397 1462 1446 nurus.

449 1551 504 1622 Ne
529 1574 585 1623 me
610 1557 684 1622 tam
710 1548 849 1621 laevam
876 1546 999 1633 facias,
1027 1554 1105 1618 tum
1131 1568 1247 1618 soora:
1274 1541 1371 1641 quod
1396 1549 1472 1638 opto

550 1720 670 1817 Vulgo
695 1742 773 1792 esse
799 1717 953 1793 obtestor
979 1716 1081 1788 vafra
1107 1739 1174 1813 ego
1200 1713 1441 1812 gossipinum.

859 1951 958 1962 ...v-—

596 2236 599 2245 y
695 2148 882 2223 euneos
907 2149 967 2219 nr
995 2149 1125 2220 oxon

450 2374 516 2445 Est
541 2395 630 2458 rosa,
659 2370 757 2444 crede
782 2369 884 2456 mihi,
910 2378 974 2442 tua
1000 2369 1150 2444 coniux:
1178 2368 1273 2442 dixit
1298 2369 1439 2444 amicus

544 2542 676 2615 Caeco:
706 2540 771 2614 hoo
797 2563 853 2613 me
880 2538 1015 2637 spinae,
1041 2547 1128 2610 tuno
1154 2537 1208 2610 ait
1232 2537 1313 2624 iste,
1342 2546 1492 2612 monent.

861 2772 959 2784 ..ιιι-ι

536 2988 715 3062 seruus
739 2988 979 3061 ennomus
1005 2989 1066 3059 nu
1094 2986 1280 3062 seusun

448 3209 583 3284 Incedit
609 3209 798 3295 meditans,
823 3233 893 3307 quo
919 3234 988 3283 non
1015 3207 1203 3283 deformior
1228 3209 1330 3296 alter,

546 3379 732 3465 Corvinus,
759 3379 868 3476 vulgo
893 3377 1011 3480 dietus
1037 3379 1076 3450 in
1104 3377 1189 3451 urbe
1217 3379 1365 3476 sophus.

449 3551 554 3622 Hune
579 3548 663 3621 aliis
689 3548 831 3620 iuvenis
856 3546 972 3645 digito
997 3545 1082 3619 dum
1109 3554 1284 3620 monstrat
1310 3558 1458 3623 euntem

548 3721 675 3791 Scurra
701 3717 772 3790 ait:
800 3721 971 3814 Aesopus,
997 3715 1140 3803 cernite,
1168 3724 1288 3790 noster
1316 3717 1433 3792 adest.

447 3890 539 3960 Tum
566 3887 717 3984 sophus:
745 3889 773 3960 Ο
799 3884 964 3984 pulchre!
994 3884 1117 3958 stultis
1144 3884 1368 3960 animalibus
1393 3910 1499 3959 unum

513 4071 516 4078 “
548 4061 726 4154 Aesopum
751 4062 887 4128 veteres
914 4053 1019 4127 verba
1044 4052 1184 4128 dedisse
1210 4054 1344 4128 ferunt.

857 4288 956 4300 ...ιη-
