3246 5314
692 450 886 520 „59-

279 673 338 747 Ad
363 675 495 774 patries
521 698 682 761 remeare,
708 699 836 772 gerens
861 684 925 748 tua
951 674 1105 762 membra
1131 686 1285 764 cruenta,

279 843 410 940 Ignitis
436 844 590 917 iuvenile
615 845 698 942 pilis
725 853 760 918 et
775 813 906 944 'pectus
931 854 1101 944 apertum.

274 1014 325 1084 Ut
350 1012 410 1109 qui
440 1011 587 1086 ridentis
613 1013 746 1113 calycis
772 1013 927 1111 peteficit
951 1013 1087 1087 ederem

273 1183 380 1254 Mane
405 1205 502 1268 novo,
529 1180 753 1278 nondumque
777 1180 834 1253 die
859 1181 1028 1255 moriente
1052 1183 1200 1256 reclinat
1383 1211 1434 1266 160
1470 1265 1474 1274 ,

272 1351 355 1424 Flos
382 1342 497 1449 caput,
526 1351 668 1448 ingrato
693 1350 810 1425 subito
837 1351 996 1424 succisus
1023 1360 1148 1426 aratro.

279 1517 346 1590 Sed
371 1527 537 1617 quotam
564 1543 669 1593 saeva
694 1521 893 1618 perculsum
919 1528 1056 1620 pectora
1081 1521 1150 1594 fine

271 1689 377 1761 Musa
401 1688 543 1762 trahis?
567 1713 708 1787 prorsus
733 1689 861 1762 misero
885 1687 1071 1786 indulgere
1095 1689 1203 1764 dolori

271 1856 402 1953 Ecquis
428 1855 473 1929 ab
497 1856 635 1953 integro
659 1856 787 1930 iubet?
810 1881 831 1930 0
857 1864 914 1928 sat
938 1855 1125 1954 questibus
1150 1865 1186 1930 et
1211 1882 1275 1932 uos

271 2027 336 2097 Set
358 2023 519 2098 dedimus
544 2025 722 2125 lacrymis!
751 2023 818 2097 Sed
844 2025 876 2098 si
902 2024 991 2097 mihi
1018 2049 1161 2098 munere
1186 2026 1252 2100 tuli
1276 2036 1331 2100 est
1383 2054 1434 2110 165

271 2193 507 2268 Adcumulare
531 2194 646 2268 virum
673 2195 798 2268 saltem
823 2167 911 2267 haec
937 2193 1020 2266 data
1046 2194 1153 2291 copia,
1179 2219 1394 2294 quamquam

269 2365 432 2436 Instauro
458 2361 533 2459 ipse
556 2362 647 2435 mihi
671 2362 801 2448 luctus,
829 2386 907 2435 mea
931 2361 1022 2436 dona
1047 2362 1245 2460 rependam.

268 2532 415 2630 Imperio
441 2531 582 2606 infestis
609 2531 716 2605 armis
742 2532 814 2604 iam
840 2555 928 2629 pene
952 2531 1106 2617 labente,

267 2700 456 2787 Extremis‚
484 2700 585 2798 longi
611 2699 695 2773 belli
720 2708 799 2797 post
825 2699 909 2784 fata,
937 2699 1077 2796 periclis

266 2871 446 2946 Obiectarc
473 2879 579 2969 caput
603 2870 724 2942 iuveni
753 2869 929 2941 sententia
956 2867 1057 2941 sedit.

265 3043 360 3138 Ergo
384 3017 625 3138 supercilium,'
647 3036 739 3137 quod
766 3045 901 3135 spectat
925 3035 1074 3135 desuper
1099 3060 1196 3120 arva,

265 3207 435 3282 Ascendit
461 3207 652 3282 comitante
678 3230 798 3291 manu,
825 3205 882 3278 cui
908 3203 1026 3278 robore
1051 3204 1177 3288 virtus,

263 3379 312 3447 Et
337 3383 492 3473 spectata
517 3374 603 3447 fides
628 3373 773 3471 magnis
800 3397 869 3446 non
895 3370 1029 3445 excidit
1054 3371 1162 3443 ausis.

261 3544 329 3618 Sed
354 3569 436 3618 uem
463 3569 533 3642 qua
562 3544 731 3616 scelerum
758 3542 847 3614 facie
874 3541 954 3614 sitis
980 3540 1072 3613 aeris
1098 3539 1223 3635 iniqua

255 3715 450 3788 Abstinet‘?
476 3716 548 3786 Hos
575 3713 673 3785 inter
699 3713 832 3785 clausis
861 3712 899 3782 in
925 3708 1108 3784 moenibus
1134 3707 1233 3780 urbis
1374 3732 1427 3786 175

260 3889 335 3958 Iam
361 3906 465 3981 super
489 3909 584 3955 unus
609 3890 684 3955 erat
714 3879 852 3954 fraudis
882 3879 1078 3963 fabricator,
1106 3876 1241 3949 amicus

261 4053 330 4128 Cui
353 4051 482 4125 melius
506 4050 612 4124 rebus
640 4073 677 4122 se
704 4052 788 4122 Dux
814 4046 976 4120 credebat
1002 4047 1040 4117 in
1067 4045 1185 4118 arctis,
1300 4111 1303 4118 ,

260 4222 458 4321 Composito
482 4219 637 4294 mercede
663 4219 757 4306 date,
784 4227 862 4292 tum
890 4216 1026 4292 moenia
1053 4214 1178 4313 pandit
