3236 5306
755 431 974 500 -102-

359 668 532 763 Deceptus
559 665 683 762 specie,
711 685 828 759 regem
857 661 918 732 vix
945 660 1102 733 Numine
1129 659 1220 734 feeit.
1265 747 1275 760 ff

356 834 493 932 Regius
518 833 603 906 hine
628 833 746 918 honor,
775 832 858 904 hinc
884 829 1015 903 animis
1042 828 1231 903 metuenda
1256 830 1404 928 pusillis

357 1005 539 1090 Maiestas
566 1004 752 1101 hucusque
777 1001 865 1075 ratis
891 999 1099 1073 descendere
1124 999 1171 1073 ab
1196 999 1273 1097 ipse

355 1172 512 1246 Numine
537 1196 628 1270 quae
654 1172 693 1243 in
721 1171 867 1269 populos
894 1194 956 1242 rex
983 1169 1061 1242 iura
1091 1175 1228 1242 exercet
1254 1165 1418 1266 adeptus.

355 1343 434 1414 Heu
459 1349 634 1438 protracta
661 1339 769 1412 nimis
795 1347 897 1411 tantu
924 1336 1011 1410 haee
1036 1313 1195 1426 inscitia]
1209 1337 1303 1410 veri!

354 1511 472 1595 Quum
499 1519 630 1595 tamen,
657 1518 698 1583 ut
723 1531 835 1606 nuper
859 1506 1003 1580 tandem
1029 1506 1270 1605 cognevimus,
1297 1530 1427 1580 omnes

299 1721 302 1728 ‚
353 1679 448 1776 Lege
473 1701 600 1776 parens
626 1685 757 1750 natura
782 1676 883 1762 ferat,
909 1699 974 1748 nec
1004 1674 1155 1751 formula
1179 1699 1332 1773 magnos

353 1845 549 1918 Dissimilis
574 1868 677 1943 reges
703 1853 833 1930 teneat,
860 1870 922 1917 eur
947 1843 1050 1943 plura
1075 1844 1242 1942 quereris,

355 2014 393 2087 si
418 2014 482 2112 qui
505 2013 568 2088 dat
593 2013 695 2088 nobis
721 2040 816 2088 nune
842 2014 909 2088 rite
935 2013 1136 2088 volentibus
1162 2038 1299 2113 aequus

350 2185 443 2269 Iura,
469 2182 611 2256 favente
636 2185 718 2270 Dee,
746 2191 929 2282 pertaesus
955 2182 1080 2256 inania
1106 2183 1222 2257 vitet?

353 2352 469 2450 Finge
495 2352 703 2450 saginatum
728 2375 847 2449 regem
872 2351 1053 2450 precedere
1078 2352 1124 2426 ab
1149 2352 1262 2439 urnis,

353 2525 428 2596 Nec
451 2522 582 2597 desunt
607 2524 786 2621 exempla:
814 2531 905 2596 retro
930 2522 1097 2610 collectus
1122 2524 1255 2596 anilem

353 2692 566 2778 Caesariem,
592 2715 708 2765 nonne
734 2691 803 2764 iste
827 2690 928 2764 daret
952 2691 1091 2765 risum?
1117 2701 1181 2765 aut
1207 2691 1327 2765 minus
1356 2693 1436 2780 ille,

353 2862 423 2937 Cui
449 2863 535 2936 setis
561 2861 663 2936 foeda
687 2887 747 2936 ora
772 2862 902 2960 rigent,
929 2861 1091 2959 oculique
1116 2863 1349 2936 tumescunt?

352 3035 448 3131 Ergo
472 3057 569 3106 nune
594 3032 772 3131 queniam*
790 3056 864 3106 sors
893 3031 991 3130 regis
1016 3033 1140 3105 munia
1166 3033 1294 3130 cuique

353 3201 516 3289 0biiciat,
543 3202 718 3301 sprevisse
743 3201 851 3289 decet,
877 3226 968 3301 quae
995 3201 1093 3275 haud
1118 3203 1282 3277 omnibus
1309 3228 1427 3304 aeque

358 3372 532 3458 Consona,
560 3371 591 3444 si
616 3394 729 3445 meres
755 3381 891 3470 spectes
917 3370 1173 3471 hominumque
1198 3373 1345 3471 figurae,

355 3544 497 3639 Semper
522 3550 636 3614 erunt.
663 3540 776 3614 Missa
802 3542 926 3639 specie,
953 3542 1025 3615 iam
1051 3566 1217 3642 quaerere
1243 3567 1365 3642 regem

354 3713 508 3809 Tempus
533 3720 618 3797 erat
645 3711 778 3785 virtute
796 3712 920 3804 ,virum
947 3711 1161 3811 ingenioque
1186 3723 1376 3812 petentem,
1425 3763 1437 3784 .

354 3880 425 3965 Qui
450 3880 586 3978 patriae
599 3888 720 3978 pater,
746 3889 782 3953 et
807 3881 911 3954 miles
935 3905 1130 3980 generosus
1157 3882 1195 3954 in
1221 3883 1331 3957 armis

355 4048 511 4123 Adferat.
536 4051 632 4123 Haec
656 4049 791 4123 ductu
816 4060 944 4124 nactus
969 4045 1070 4138 bona,
1097 4060 1234 4125 caetera
1260 4053 1375 4128 mitte.

356 4217 497 4292 Scilicet
521 4218 732 4316 obstupuere
759 4219 881 4306 animi,
909 4220 940 4292 si
966 4220 1107 4319 quande
1132 4230 1185 4295 tet
1211 4221 1304 4295 inter
