3236 5306
608 483 804 552 „73...

197 709 257 780 Me
282 706 440 804 vigilans
465 707 577 780 oculis
605 707 729 793 senior,
757 707 966 806 iuvenisque
993 710 1191 807 loquentem

195 874 337 971 Aspicit
361 873 521 948 irridens.
549 875 747 974 «Agedum
771 885 813 948 tu
839 877 969 974 proelia
994 901 1141 966 meeum,

195 1045 358 1141 Inquam,
385 1068 484 1118 sume
510 1045 613 1143 prior,
641 1045 802 1118 iuvenis:
829 1055 891 1143 qui
916 1044 1012 1120 dicta
1037 1047 1233 1121 refutas?»

196 1211 267 1284 Sed
292 1210 414 1286 fatuus
441 1238 511 1288 non
535 1213 611 1286 ullu
636 1213 744 1289 dabat
768 1237 952 1312 responsa:
980 1224 1174 1290 morantem
1322 1245 1357 1298 80

134 1437 142 1452 .
193 1380 374 1478 Increpuit
399 1381 533 1455 senior:
562 1384 737 1455 «Poteras
762 1380 907 1469 dixisse,
935 1406 1120 1482 negamus.

197 1553 250 1624 Te
274 1550 411 1649 quoties
437 1560 550 1625 terrae
575 1552 677 1626 docui
703 1551 880 1626 intentata
905 1553 1017 1626 iacere

197 1720 364 1807 Viscera,
382 1720 444 1796 ubi
469 1729 609 1795 nostrae
635 1721 767 1819 primae
792 1721 947 1819 vestigia
972 1721 1103 1797 formae

196 1891 348 1966 Cernere
374 1891 484 1964 erit».
513 1889 761 1989 «Meminique
785 1890 920 1990 probe»
949 1899 1025 1964 tum
1050 1891 1167 1967 iunior
1192 1892 1256 1966 illi:

194 2065 280 2136 Mox
297 2061 406 2135 mihi:
428 2089 447 2134 r<
460 2061 575 2135 Scin'?
592 2070 732 2159 ternpus
750 2060 877 2146 veniet,
896 2085 1006 2157 quum
1024 2062 1124 2149 mira,
1143 2063 1296 2174 latebras
1321 2091 1357 2147 85

195 2232 369 2330 Adgressi
397 2240 679 2317 tentaremus,
709 2231 944 2329 spectabimus
970 2256 1049 2304 ossa

194 2405 238 2475 In
263 2401 398 2500 lapides
425 2425 590 2476 conversa
616 2400 709 2487 dein,
736 2424 826 2498 quae
853 2410 916 2474 aut
941 2401 1042 2474 exuit
1068 2403 1151 2476 olim

193 2574 311 2648 Primo
339 2573 516 2647 hominem
541 2571 694 2645 referens
720 2571 848 2645 melius
874 2579 951 2644 tum
979 2571 1106 2645 simius
1131 2596 1198 2658 ere,

193 2739 397 2814 Anthemu
423 2739 553 2813 simioli
580 2738 735 2813 nondum
760 2748 833 2811 tam
861 2738 1013 2838 degener
1037 2738 1141 2813 oris»

193 2907 387 2994 «Pulchre,
413 2907 467 2980 nil
484 2933 590 3006 supra
603 2935 622 2979 »
651 2907 775 2981 senior.
804 2935 824 2979 «
838 2907 936 2992 Quae
961 2933 1081 2982 crassa
1098 2909 1289 2984 minerva»
1318 2938 1354 2994 90

191 3081 288 3153 Haec
313 3101 379 3176 ego
407 3087 526 3152 contra
552 3076 608 3151 aio
633 3077 777 3162 tacitus,
801 3077 992 3150 miseratus
1018 3081 1217 3175 utrumque,

194 3251 275 3322 Huc
301 3248 387 3322 illue
412 3249 556 3323 volvens
581 3247 708 3333 ocules,
735 3270 933 3345 nasumque
958 3246 1103 3344 supinor

193 3419 357 3492 Pulveris
383 3418 527 3503 interea,
554 3441 622 3516 quo
648 3439 704 3491 me
729 3416 784 3490 uti
809 3417 937 3503 neseis,
963 3416 1073 3502 odore,

192 3589 394 3690 Hippolyte.
415 3589 510 3662 «Huc
526 3613 638 3660 unum
655 3585 754 3672 adde,
772 3609 955 3685 quousque
965 3584 1188 3672 merebimur,
1207 3585 1352 3685 inquam

190 3761 316 3832 Postea
344 3755 541 3844 subridens,
566 3756 652 3830 dum
675 3753 735 3868 tet
753 3755 923 3829 miracula
951 3779 1067 3829 rerum
1315 3784 1352 3838 95

191 3929 317 4003 Visere
341 3927 598 4027 contingatd».
629 3926 783 4000 «Brevis
808 3934 863 3998 est
887 3948 994 4012 mora,
1020 3925 1122 3998 mitte
1148 3924 1281 4010 timere,

1126 4152 1336 4161 Μ

19 4263 20 4298 i
109 4284 134 4326 V·
149 4287 230 4336 etr-89.
247 4289 287 4334 Ita
301 4297 403 4344 prorsus
417 4287 509 4333 asserit
525 4285 624 4341 Hrculem
639 4283 778 4328 absurdum
792 4282 883 4336 dogma
898 4279 1034 4325 defendens
1050 4278 1193 4337 (Zeurrrirsr
1208 4277 1262 4334 178).

1250 4403 1279 4455 ll
