3236 5306
593 444 811 534 -125-1

200 677 400 752 Mirandum
427 677 538 754 solida
564 677 712 752 fulcitur
737 679 827 753 mole
852 702 1030 766 cacumen,

196 850 242 922 Et
265 849 427 948 patulam
452 850 694 948 inspecturum
720 847 842 923 urbem
868 848 1023 924 sublime
1046 849 1214 925 minatur.

198 1018 335 1106 Subter,
360 1042 452 1118 quae
478 1044 614 1094 sacram
638 1018 775 1118 gremio
800 1019 1042 1118 complectitur
1066 1045 1206 1120 urnam,

196 1189 370 1274 Quattuor
395 1215 493 1263 aram
518 1190 649 1265 obeunt
676 1189 819 1265 sinuoso
846 1213 891 1266 ex
917 1213 997 1264 aere
1021 1190 1217 1278 columnae,

196 1361 367 1458 Perpetuo
391 1369 428 1434 et
452 1360 568 1434 radiat
593 1359 776 1434 taedarum
803 1359 979 1458 plurimus
1006 1360 1116 1460 ignis.

196 1530 290 1614 Quin
315 1539 361 1617 et,
388 1555 544 1605 convexa
571 1540 662 1604 retro
687 1529 877 1617 testudine,
905 1531 1000 1605 Petri

196 1708 341 1778 Summa
367 1704 489 1780 subest
516 1704 633 1790 Sedes,
661 1703 793 1778 circum
819 1703 968 1779 suffulta
994 1706 1184 1804 Magistris

193 1876 286 1961 Quos
312 1883 367 1948 est
392 1898 471 1950 aere
496 1900 625 1950 manus
652 1899 781 1950 vacuos
808 1884 952 1974 experta
978 1875 1140 1950 colossos.

194 2047 222 2120 0
244 2044 363 2132 decus,
389 2069 409 2120 o
434 2046 532 2119 salve
559 2070 638 2144 spes
663 2054 699 2119 et
724 2045 909 2119 tutissima
933 2045 1056 2145 gentis

195 2213 455 2313 christigenae,
482 2213 620 2289 cunctis
646 2214 775 2288 iterum
802 2216 899 2288 salve
924 2214 1049 2288 inclita
1076 2214 1197 2290 sodes!

193 2388 271 2484 Ipsa
295 2384 438 2484 quidem
463 2369 655 2460 dominata
669 2384 744 2472 diu,
769 2408 929 2484 quaeque
957 2384 1071 2458 inscia
1098 2385 1201 2483 vulgi

192 2557 322 2630 Turma
348 2563 477 2655 stupet,
504 2564 734 2631 monumenta
760 2555 857 2632 brevi
883 2554 1036 2630 cecidere
1062 2555 1194 2655 lapillo.

192 2727 271 2799 Una
296 2726 405 2800 minis
430 2725 576 2800 immota
601 2726 715 2801 iaces:
742 2727 891 2828 scylle‘r‘a
916 2725 1036 2825 qualis

192 2896 333 2982 Cautes,
360 2920 470 2993 quum
496 2895 582 2970 moti
608 2895 740 2969 fluctus
766 2895 931 2994 aquilone
959 2902 1174 2981 tumescunt,

191 3071 295 3141 Arcet
319 3090 433 3165 agens
459 3063 602 3152 rabiem,
629 3065 842 3164 penitusque
867 3063 1079 3140 sonantibus
1105 3061 1188 3136 inde
1213 3071 1248 3136 et

188 3236 280 3310 Hinc
305 3236 469 3334 scopulis,
497 3235 680 3309 submersa
705 3233 835 3308 crebris
861 3233 923 3315 vix
949 3231 1115 3306 tunditur
1142 3231 1259 3305 undis.

187 3408 242 3479 Tu
266 3404 367 3480 modo
392 3404 558 3503 pollicitis
584 3402 707 3490 fidens,
734 3426 805 3476 non
830 3402 905 3476 ulla
930 3401 1139 3476 tremiscens

186 3575 355 3673 Agmina,
383 3574 564 3650 flammata
590 3582 762 3674 quotquot
787 3573 855 3647 tibi
881 3561 1000 3646 mente
1025 3570 1186 3670 fatigant

186 3745 390 3831 Perniciem,
417 3744 541 3819 divina
565 3769 673 3843 penes
699 3742 905 3843 penetralia,
933 3741 1013 3836 falli

186 3915 315 3988 Nescia
342 3914 417 3988 fata
443 3915 563 4008 canis;
589 3938 776 4013 vocemque
803 3921 965 4034 extrema
987 3909 1176 3985 remittunt

185 4085 322 4170 Bactra,
350 4083 544 4170 Caledonii,
572 4083 747 4182 spatiosae
773 4091 808 4155 et
835 4079 995 4180 Tigridis
1020 4103 1110 4156 orae.

185 4252 397 4351 Praecipites
425 4252 474 4324 sic
501 4252 578 4348 ipsa
603 4250 725 4337 trahit,
753 4274 816 4324 ceu
843 4248 987 4345 fulgure
1013 4256 1125 4320 tactos
