3236 5306
629 459 851 528 -103-

233 693 309 764 Rex
334 690 494 788 equitum
520 686 748 785 peditumque
772 686 866 759 acies
892 685 1078 772 incederet,
1104 695 1201 760 arcta

232 858 381 932 Visendi
409 856 527 932 studio
551 855 654 954 vulgi
680 855 870 929 comitante
894 864 1045 927 caterva.

231 1033 260 1104 Ο
284 1040 330 1117 te,
360 1029 406 1102 da
432 1029 583 1115 veniam,
610 1029 771 1101 laevum!
799 1050 915 1100 nonne
941 1026 1013 1100 ista
1037 1036 1211 1127 tyrannos

232 1205 418 1276 Ostentare
443 1210 561 1274 metus
585 1199 732 1274 docuit?
756 1199 820 1272 Nil
845 1198 978 1291 credis3
1005 1208 1041 1272 et
1066 1208 1159 1274 estc:

230 1374 362 1470 Pompa
388 1371 460 1443 fnit
484 1337 684 1469 luxusque}
701 1368 794 1455 Quid
821 1369 915 1443 hoc?
939 1369 970 1443 si
995 1331 1084 1442 ferte
1110 1370 1268 1467 stupenti

227 1540 337 1639 Regis
362 1564 444 1639 opes
468 1542 595 1639 populo
620 1539 825 1614 stomachus
851 1540 999 1613 latraret
1024 1539 1173 1614 inanis?

228 1711 325 1783 Heus
352 1709 483 1809 pudeat
507 1707 713 1783 meminisse
737 1709 865 1807 iugum
891 1709 964 1782 iam
989 1708 1142 1808 denique
1165 1733 1302 1807 regum,

231 1880 324 1964 Quos
350 1879 463 1952 nostri
489 1879 641 1953 exitium
666 1877 817 1952 tulimus
842 1878 1120 1978 barathrumque
1144 1881 1279 1978 peculi!

229 2049 334 2124 Nunc
350 2046 493 2149 quidem
510 2048 621 2122 habes
641 2047 741 2144 (haec
757 2057 878 2122 nostra
895 2047 975 2121 vide
992 2073 1101 2147 qnam
1118 2059 1273 2147 tempora
1290 2073 1392 2122 versa

231 2222 274 2292 In
297 2220 439 2316 melius)
466 2220 540 2320 qui,
565 2244 680 2319 parra¹
700 2219 784 2292 licet
810 2211 858 2292 sit
883 2219 980 2318 copia
1006 2243 1145 2306 census,
1210 2209 1213 2214 ⁵

230 2390 416 2463 Succurrat
442 2389 581 2464 miseris
607 2389 766 2488 privatae
791 2388 961 2488 prodigus
977 2414 1097 2483 arcae.

230 2559 302 2631 Imo
325 2557 501 2667 libertatis
527 2557 637 2632 habes
662 2557 725 2657 qui
750 2558 827 2633 iure
852 2567 1022 2656 patronus

227 2726 282 2800 Sit
305 2727 452 2826 primus.
478 2729 577 2813 Quae
603 2752 709 2802 saeva
735 2727 825 2827 pilos
851 2728 1079 2827 pascentibus
1106 2729 1190 2803 olim

148 2875 152 2882 ⁶
224 2898 374 2985 Damna,
400 2897 583 2972 minaeve!
610 2900 711 2970 Metu
732 2897 807 2996 jam
835 2921 898 2972 nos
926 2898 1125 2972 solvamus:
1154 2896 1326 2972 habemus

231 3069 300 3154 Qui
325 3068 449 3167 praeit,
475 3070 686 3168 exemplum,
713 3076 749 3142 et
775 3077 854 3142 tutu
879 3068 1051 3142 simulare
1076 3069 1229 3167 figuram

225 3241 392 3316 Vervecis
415 3241 555 3340 poteris.
581 3241 739 3340 Speciem
765 3239 928 3339 praebere
954 3240 1097 3339 rebellis

224 3415 320 3488 Num
347 3413 519 3512 cuperes?
543 3411 716 3512 Equidem
741 3420 777 3483 te
803 3410 994 3484 dissentire
1019 3411 1164 3484 moleste

222 3584 287 3656 Ille
312 3582 417 3656 feret:
445 3591 566 3655 tamen
590 3605 791 3665 aerumnas,
819 3579 1015 3676 ergastula,
1042 3579 1160 3653 vincla

224 3752 328 3826 Haud
352 3752 496 3851 patiere.
522 3750 629 3824 Necis
657 3750 783 3824 saltem
811 3748 1002 3824 metuenda
1028 3773 1092 3848 nec
1117 3751 1181 3822 uni

220 3924 335 3995 Poena
362 3930 501 3994 manet:
528 3919 660 3994 crudeli
689 3919 825 3993 abeunt
850 3919 922 3992 iam
948 3942 1094 3992 munere
1121 3918 1235 3992 functi

223 4090 424 4164 Carnifices.
450 4092 525 4163 Nec
549 4090 655 4163 miror
680 4090 786 4176 enim,
813 4115 923 4188 quum
949 4088 1066 4189 turpis
1092 4089 1137 4162 ab
1161 4089 1234 4162 uris

221 4262 269 4332 Et
294 4261 423 4334 nostris
451 4259 620 4333 scelerum
646 4257 755 4331 facies
782 4257 972 4333 excesserit
997 4257 1121 4331 omnis.
