3236 5306
643 458 839 528 „75..

152 655 158 663 ’
231 683 417 758 Perditum
442 684 537 758 enim
562 706 679 782 genus
705 683 768 756 illa
795 692 912 758 notat:
940 683 1001 758 sed
1027 684 1141 757 multa
1165 708 1328 783 propago,

234 853 286 926 Ut
310 851 419 939 video,
445 853 629 951 insipiens,
654 875 772 950 genus
797 852 994 941 indelebile,
1020 863 1174 928 restat».

179 1027 183 1034 '
233 1022 328 1094 Tum
354 1045 433 1118 vero
458 1022 619 1120 assurgit
644 1021 780 1097 rabies:
809 1022 954 1121 utrique
978 1023 1160 1098 ministrat

231 1190 350 1264 Verba
374 1189 502 1289 pudor:
528 1190 762 1289 nequicquam
788 1190 875 1265 italo
900 1190 1130 1288 reprehendor
1156 1200 1252 1266 aceto

234 1361 417 1448 Perfusus,
444 1361 522 1435 risu
546 1361 707 1449 insector,
734 1384 902 1459 versoque
927 1369 1112 1460 negantes.
1178 1317 1179 1322 1
1344 1389 1395 1444 120
1454 1333 1456 1338 Ι

232 1531 315 1605 Non
343 1530 423 1618 ista,
450 1540 491 1604 ut
517 1531 645 1618 lubuit,
672 1530 782 1630 nugis
807 1529 1014 1616 dirimenda,
1041 1529 1185 1616 fatebor,

235 1701 299 1774 Lis
324 1710 409 1788 erat,
435 1700 644 1802 Hippolyte:
671 1710 710 1775 at
734 1726 890 1800 quanam
914 1700 1117 1775 convincere
1141 1699 1254 1774 credis

236 1873 323 1942 Arte
348 1868 575 1957 cerebrosum,
602 1880 759 1945 veterum
784 1895 889 1970 quem
914 1871 1016 1944 nulla
1041 1870 1229 1968 sophorum

236 2039 373 2137 Scripta
397 2049 549 2126 movent,
576 2039 666 2115 ratio
691 2053 892 2139 nunquam,
913 2063 977 2114 nec
1002 2038 1156 2113 fulmina
1180 2039 1356 2137 linguae?

239 2204 413 2303 Adloquio
438 2205 569 2281 desisto
594 2215 731 2280 tamen:
758 2206 965 2281 contendere
989 2206 1109 2304 inepto
1347 2230 1398 2286 125

237 2372 328 2448 Cum
355 2375 486 2450 victore
510 2383 611 2449 ratus
635 2375 767 2449 crimen
792 2374 1034 2473 probrumque.
1060 2374 1225 2448 Britanni

234 2542 309 2615 Nec
334 2543 453 2616 minus
479 2543 615 2617 interea
640 2567 779 2618 mecum
805 2543 998 2618 certamina
1022 2552 1173 2618 tentant.

171 2765 180 2780 .
236 2709 387 2784 Sublicit
411 2710 471 2784 1116
496 2711 620 2797 senior,
648 2710 789 2784 iuvenis
815 2711 900 2784 dum
926 2710 1031 2784 verba
1058 2708 1208 2785 subinde

237 2878 417 2976 Suggerit,
444 2879 580 2978 eloquio
605 2879 749 2954 conanti
773 2903 927 2977 promere
952 2887 1070 2954 nostro

238 3047 481 3121 Remomnem:
502 3052 589 3122 «Sat
605 3049 716 3147 nugis
733 3047 905 3135 dedimus,
924 3056 1050 3122 cuncta
1060 3047 1182 3122 ordine
1199 3047 1323 3122 dicam:
1344 3073 1398 3130 130

239 3220 336 3304 Quae
360 3221 473 3318 prima
497 3221 668 3319 prorepsit
693 3220 811 3305 hume,
838 3219 1023 3295 mutabilis
1049 3243 1116 3306 ore,

239 3391 318 3462 Una
344 3389 415 3461 fuit
440 3388 611 3486 pecudum
638 3387 780 3486 species.
808 3387 880 3460 Sub
907 3386 1022 3460 iudice
1047 3387 1093 3459 lis
1119 3395 1184 3472 est,

237 3564 350 3647 Quam
376 3563 498 3636 tulerit
523 3571 651 3635 natura
676 3562 793 3660 prius:
821 3561 970 3636 fortasse
995 3560 1148 3634 secunda
1249 3639 1253 3644 ,

234 3731 298 3804 1116
322 3730 401 3817 fuit,
428 3730 573 3804 rabidus
597 3731 660 3829 qui
687 3731 794 3829 piscis
821 3730 1020 3804 Carcharus
1046 3731 1157 3803 audit.

233 3902 317 3973 Post
341 3900 402 3973 ubi
429 3910 559 3999 stagna
586 3902 694 3974 simul
719 3902 838 3999 pelagi
864 3901 1019 3998 possedit
1045 3910 1081 3974 61
1109 3901 1226 3999 ampla
1343 3925 1394 3980 135

236 4066 468 4164 Amphibium
494 4095 578 4142 arva
603 4094 729 4172 genus,
757 4093 921 4143 converso
946 4093 1092 4166 corpore,
1120 4067 1278 4152 caudam,

74 4255 123 4264 -—-·

133 4335 165 4378 V.
184 4331 300 4378 131-141.
316 4333 355 4377 Ι16
370 4333 461 4381 Hactel
475 4337 596 4380 strenuus
610 4335 670 4379 novi
685 4336 813 4390 dogmatis
827 4334 947 4378 adsertor.
965 4334 1147 4390 [Entstehung,
1161 4331 1188 4375 40
1202 4332 1228 4372 et
1243 4329 1320 4382 seqq.)
