3236 5306
790 467 986 537 „92ss

378 698 426 768 Ut
451 695 662 793 quicunque·
677 694 794 792 gradu
820 705 898 793 post
924 705 959 768 te
986 695 1046 768 vix
1073 696 1207 770 assidet
1233 725 1315 786 uno,

378 863 537 938 Auribus
563 864 708 938 arrectis
735 864 862 938 adstet.
889 865 927 938 si
953 866 1111 940 maxima
1136 878 1256 942 coetus

376 1040 463 1111 Pars
491 1036 633 1110 studeat
658 1037 736 1124 tibi,
762 1037 834 1112 iam
861 1037 977 1111 verbis
1003 1037 1147 1112 absiste.
1174 1041 1348 1114 Faventis

373 1210 446 1282 Hoc
470 1207 538 1280 erit
563 1206 747 1294 indicium,
775 1204 806 1280 si
832 1207 917 1305 quid
945 1207 1045 1282 modo
1068 1207 1165 1282 dicat
1189 1210 1229 1282 in
1254 1236 1379 1286 aurem

375 1377 552 1474 Collegae,
577 1375 680 1450 modo
703 1374 879 1462 dormitet,
906 1377 1078 1450 lustratae
1104 1376 1242 1452 diurna.

373 1549 441 1620 Est
466 1546 555 1620 salis
581 1545 756 1644 incepisse
781 1546 887 1643 loqui,
913 1570 959 1620 ne
985 1545 1089 1620 turba
1114 1548 1284 1622 clientum

374 1719 424 1788 Te
449 1716 549 1814 parvi
575 1715 694 1801 faciat,
722 1739 858 1814 semper
882 1725 918 1790 te
943 1725 1071 1814 questa
1096 1717 1270 1792 silentem.

374 1889 425 1957 At
450 1883 492 1970 si,
519 1884 599 1958 iura
624 1893 740 1970 luens,
768 1884 880 1958 socios
905 1884 1092 1982 insurgere
1117 1885 1237 1959 contra
1406 1845 1415 1852 .

371 2052 571 2151 Adspicias,
598 2053 717 2151 pulset
743 2053 821 2126 sine
845 2051 1092 2127 tintinnabula
1117 2056 1273 2128 Praeses.

370 2225 476 2297 Nunc
501 2247 610 2322 prece,
637 2248 733 2296 nunc
757 2222 937 2322 lacrymis,
964 2247 1035 2320 qua
1061 2222 1098 2294 vi
1124 2231 1223 2321 potes
1248 2224 1407 2324 impiger
1433 2228 1554 2302 obsta:

370 2396 426 2520 lle
452 2394 580 2468 timeas
606 2403 764 2467 veterum
791 2391 948 2466 fautores
972 2391 1087 2466 dicere
1112 2401 1283 2491 quotquot

370 2565 497 2638 Libera
523 2573 559 2637 te
584 2563 781 2663 prohibent,
808 2570 851 2636 ut
876 2562 932 2636 fas
956 2571 1021 2649 est,
1047 2539 1153 2636 verba
1180 2562 1316 2636 referre.

306 2809 310 2820 ,
370 2733 536 2807 Ridicula
562 2732 740 2806 interdum
766 2733 845 2829 (hoe
870 2733 978 2807 etiam
1003 2740 1040 2805 te
1064 2755 1170 2807 nosse
1193 2756 1336 2806 neeesse
1361 2740 1434 2830 est)

370 2902 481 2976 Misce
507 2903 599 2976 acri:
617 2902 836 3002 ¹quandoque
863 2911 959 2976 secat
983 2925 1040 2975 res
1066 2901 1162 2974 risus
1187 2901 1340 2976 acerbas

370 3074 443 3146 Imo
469 3072 500 3146 si
526 3096 598 3170 qua
624 3071 691 3146 tibi
718 3073 890 3146 sociorum
917 3097 1001 3145 cura
1027 3080 1170 3145 tuorum

367 3243 493 3314 Restat
518 3239 646 3327 adhuc,
674 3240 786 3315 fessos
812 3240 943 3338 poteris
969 3263 1123 3313 recreare
1146 3222 1318 3313 decenter.

369 3412 467 3493 Quae
492 3410 594 3496 bona,
617 3409 674 3484 dic
691 3434 833 3509 quaeso,
862 3409 936 3483 sint
953 3409 1040 3485 haec
1065 3433 1317 3507 quaecumque,
1337 3427 1554 3510 sequuntur

368 3581 552 3679 Insignem
579 3583 712 3656 virtute
737 3583 864 3668 virum,
892 3581 954 3680 qui
981 3581 1069 3655 forte
1093 3581 1216 3655 relicta

369 3753 543 3852 Coniuge,
570 3764 806 3853 natorumque
830 3754 950 3852 procul
976 3755 1083 3852 longo
1109 3754 1264 3853 agmine,
1293 3763 1399 3828 tanta

370 3914 503 3994 Taedia
530 3946 728 4021 perpessus,
755 3923 891 4021 patriae
918 3945 957 3995 se
980 3920 1129 3996 devovet
1154 3922 1273 3996 ultro?

369 4091 439 4164 Olli
466 4090 537 4166 iam
563 4092 691 4165 misero
717 4115 797 4188 spes
822 4090 937 4165 omnis
964 4081 1128 4187 adempta
1147 4089 1290 4164 videndi

371 4259 578 4332 Gratuitum
605 4261 748 4357 pignus,
777 4259 868 4357 quod
895 4259 1024 4332 coniux
1051 4258 1180 4332 dissita
1207 4259 1338 4342 mittat,
