3246 5314
777 495 972 564 „32-

369 719 547 807 Germina,
574 717 765 796 denticulis
791 725 903 798 veluti
930 725 1146 800 circumdata
1172 728 1304 826 quinis.

368 891 410 960 Iu
437 889 565 987 quinos
591 915 756 989 persaepe
783 892 885 966 sinus
912 895 1089 992 spatiatur
1113 896 1247 983 hiatus,

369 1059 447 1142 Qua
474 1059 561 1132 felix
586 1060 743 1134 trahitur
769 1086 888 1136 semen
914 1064 1117 1138 viridausve
1142 1066 1342 1164 nigrumve.
1506 1091 1542 1147 50

370 1226 552 1302 Subrubea
579 1238 643 1302 aut
670 1229 764 1304 flava
790 1240 922 1306 tectum
948 1233 1140 1331 lanugine3
1167 1243 1203 1307 et
1228 1233 1327 1306 intus

370 1395 574 1480 Quadrifida
602 1398 775 1495 ignavum
802 1398 941 1473 cohibet
965 1400 1066 1474 medo
1091 1402 1229 1490 cellula,
1246 1423 1375 1485 semen,

370 1567 556 1640 Emissura
581 1593 708 1643 novam
734 1570 773 1641 iu
798 1569 935 1642 faciem.
961 1571 1042 1644 Nou
1067 1569 1231 1644 omnibus
1256 1596 1328 1642 una
1613 1569 1614 1612 l

370 1737 546 1836 Gossipiis
572 1738 659 1812 haec
684 1739 794 1813 ferma
822 1740 963 1814 subest:
991 1739 1253 1839 quiuseminis
1279 1739 1401 1837 ipsum

307 1955 311 1963 ι
370 1909 538 1981 Immutet
563 1918 692 1982 natura
718 1933 847 2007 genus,
874 1910 1012 1983 variare
1036 1908 1187 1982 libenter
1508 1937 1546 1990 55

371 2077 576 2151 Luxurians
602 2078 727 2152 didicit
752 2079 856 2178 parili
882 2079 926 2152 de
952 2080 1087 2188 semiue
1112 2080 1251 2178 prolem.

299 2275 304 2280 ·
372 2247 421 2319 Ut
447 2255 526 2320 sata
551 2249 736 2346 progenies
762 2250 939 2323 communi
964 2250 1118 2346 plurima
1142 2256 1255 2322 matre

370 2418 496 2493 Differt
521 2443 588 2506 cre,
616 2428 652 2493 et
676 2419 803 2517 cuique
827 2418 933 2491 datur
958 2444 1024 2490 sua
1048 2420 1168 2515 gratia
1194 2419 1305 2504 visus,
1612 2371 1617 2516 l

371 2591 544 2663 Natorum
570 2590 667 2662 varie
692 2596 805 2661 mater
830 2596 950 2660 tamen
976 2588 1105 2661 emicat
1130 2611 1206 2681 ore;

371 2758 477 2831 Haud
504 2758 606 2832 aliter
631 2784 719 2857 ques
745 2766 838 2831 terra
864 2758 958 2857 parit
982 2759 1157 2855 lanugine
1182 2758 1347 2855 pingues
1512 2785 1550 2837 ao

373 2929 496 3025 Longe
520 2927 614 3000 inter
640 2951 716 3001 sese
741 2927 887 3002 frutices
914 2927 1117 3001 discrimine
1144 2927 1277 3024 signat,
1617 2879 1618 2888 i

375 3096 591 3170 Oaudicibus
617 3096 726 3183 modo,
752 3095 905 3176 diversis
933 3095 1035 3170 mede
1060 3095 1219 3183 floribus,
1247 3104 1354 3193 atque

373 3267 589 3366 Molliaque
615 3268 713 3342 vario
739 3269 906 3341 fucantur
931 3267 991 3338 fila
1018 3266 1137 3338 celere.

373 3436 467 3508 Hinc
492 3435 577 3509 data
601 3437 792 3535 multiplici
818 3436 1025 3536 iampridem
1052 3435 1196 3508 nomina
1221 3436 1375 3533 plantae,

374 3610 494 3706 Atque
520 3605 611 3680 alias
638 3608 731 3680 ultro
756 3630 857 3681 voces
885 3607 1075 3704 signamus
1101 3607 1145 3680 ab
1170 3605 1250 3679 0ris.

376 3775 435 3848 Sic
459 3786 657 3875 promptum
685 3776 824 3850 hirsute
850 3777 1010 3875 plantam
1037 3774 1254 3874 praediscere
1279 3774 1390 3860 caule,

234 3988 381 3997 ...φ-...-
390 3989 729 3998 ..n—w*-
894 3991 1085 3997 ——--.-—-.
1416 3987 1511 3994 —-.
1515 3989 1529 3994 -
1534 3989 1538 3994 .

284 4099 314 4142 V.
328 4098 412 4144 66-73.
433 4100 549 4155 Nomina,
567 4100 660 4154 quibus
676 4100 757 4155 vulgo
772 4102 898 4143 vocantur
917 4098 1033 4141 diversae
1048 4095 1159 4150 Gessipii
1178 4095 1283 4150 species,
1302 4094 1377 4137 sunt:
1397 4091 1556 4145 Hirsutum,

228 4173 370 4224 Arcanum,
384 4171 540 4223 Hammeum,
557 4170 710 4224 Vilisolium
731 4171 941 4226 Tricuspt'datnm
953 4170 1116 4222 Ealiaiosam,
1131 4167 1260 4212 Indicum:
1277 4163 1402 4208 nonnulla
1416 4174 1449 4206 ex
1464 4164 1558 4207 colore

227 4243 375 4295 sumuntur,
396 4243 436 4286 uti
456 4244 555 4294 Album,
569 4242 678 4296 ausum,
697 4243 812 4297 Rosciam
831 4241 938 4286 barbara
956 4238 1143 4292 ominosum,
1167 4248 1233 4293 quae
1251 4236 1373 4280 denotant
1392 4233 1550 4287 peculiares

229 4313 366 4366 utriusque
380 4313 512 4357 Americae
525 4313 630 4367 species.
