3236 5306
27 23 357 180 τ

618 437 813 506 ..85,.

207 669 282 744 Cur
307 666 455 765 antiqua
480 664 587 762 cupit,
614 663 747 737 deiecta
771 685 816 736 ex
841 663 961 738 arbore
985 689 1086 762 poma

206 839 257 909 Et
281 835 403 908 dentes
429 856 642 931 unguesque
667 856 794 904 manus
819 830 1025 910 ostendere?
1049 832 1177 920 Ludos,

206 1006 341 1102 Quite
367 1012 440 1076 tarn
466 1003 621 1101 capiunt,
647 999 816 1074 didicitne
842 1000 1008 1074 iniusso?
1034 1001 1232 1077 (lubentem
1313 1032 1368 1086 335

207 1177 327 1274 Finge
352 1174 486 1249 vairam
512 1197 581 1271 quo
606 1180 692 1244 nata
717 1172 808 1245 loco:
836 1171 1004 1246 contende
1030 1173 1143 1246 viator

206 1345 266 1420 Ad
292 1344 435 1446 sylvas;
460 1353 540 1418 tene
565 1342 629 1416 illa
654 1341 788 1429 videns,
817 1341 1043 1416 imitabitur?
1067 1345 1163 1442 Ergo

207 1515 249 1588 Si
275 1515 381 1615 sapis,
407 1513 555 1589 anobis
580 1511 667 1586 haec
693 1520 867 1610 quantum
892 1510 1031 1587 abludit
1056 1511 1195 1611 imago!

144 1745 152 1760 .
207 1689 306 1760 Haec
331 1685 393 1758 ubi
419 1683 513 1770 dicta
538 1681 628 1770 dedi,
654 1683 804 1769 iuvenis,
831 1684 893 1781 qui
919 1694 1071 1758 cesserat
1098 1695 1191 1769 ante,

209 1854 433 1954 Ingreditur:
462 1857 673 1928 «Tantaene
699 1853 843 1927 morae?
868 1853 939 1928 iam
965 1863 1104 1952 tempus
1129 1854 1256 1947 cundi3
1316 1883 1369 1938 340

210 2028 339 2101 Nonne
363 2023 490 2098 vides?
513 2048 652 2123 operam
677 2022 812 2121 perdis:
839 2024 918 2111 cito,
943 2025 1044 2098 mitte
1069 2049 1256 2124 procacem.
1270 2054 1289 2098 »

210 2201 431 2293 Arreptaque
456 2218 566 2267 manu
593 2193 725 2267 socium
751 2193 927 2292 compellit
951 2203 987 2267 ct
1012 2204 1118 2294 urget

213 2369 328 2440 Torva
352 2372 467 2437 tuens.
493 2363 609 2436 Pallet
633 2363 757 2449 senior,
782 2363 1003 2463 tremulaque
1028 2365 1196 2463 loquutus

212 2538 308 2610 Voce
335 2534 463 2632 «Abeo
489 2558 559 2608 uon
583 2534 710 2621 victus,
737 2534 799 2621 ait,
825 2558 896 2608 non
921 2560 1019 2608 arma
1043 2559 1212 2634 repono».

132 2719 137 2728 '
214 2705 400 2803 «Accipio,
426 2704 555 2790 valeas,
582 2704 738 2802 inquam,
765 2705 824 2777 via
848 2705 967 2804 longo,
993 2707 1184 2805 loquemur,
1318 2736 1371 2790 345

211 2877 264 2946 Te
289 2897 458 2972 sequar».
484 2874 620 2946 Interea
647 2873 863 2948 concurritur
887 2875 1062 2974 undique:
1091 2901 1200 2974 surgo

212 3043 322 3127 Illico,
348 3051 383 3115 et
408 3065 486 3115 aere
513 3041 594 3116 dato
618 3041 860 3141 quodcumque
885 3042 1051 3118 adsciscit
1076 2994 1205 3119 avarus

216 3211 349 3309 Caupo,
375 3210 561 3312 digredior.
588 3214 685 3297 Quas
711 3213 807 3311 liqui.
827 3215 978 3312 plurima
1005 3216 1104 3290 sedes

212 3378 331 3453 Turba
359 3379 532 3455 viatorum
560 3383 726 3478 complet:
753 3381 824 3454 iam
850 3407 931 3494 voce
955 3385 1112 3459 ministri

211 3551 288 3621 Has
314 3549 396 3622 illas
422 3558 584 3648 repetunt
609 3550 724 3636 urbes,
749 3576 818 3650 quo
842 3554 1008 3627 machina
1033 3579 1196 3655 praeceps
1319 3587 1372 3641 350

215 3715 345 3789 Tendit
371 3716 447 3804 iter,
473 3728 699 3816 recolantque
724 3719 832 3793 fores:
861 3721 968 3796 simul
993 3722 1076 3798 inde
1102 3727 1216 3800 vocati
1295 3707 1300 3719 ⁸

213 3885 379 3958 Plaustra
397 3886 533 3984 legunt.
553 3889 639 3974 «Da,
658 3911 798 3986 quaeso,
816 3890 941 3977 locum,
958 3891 1057 3976 bone:¹
1074 3895 1175 3991 pulso
1186 3904 1372 3983 morantes,

214 4055 344 4127 Luctor
368 4038 602 4129 inadvers‘is.
629 4056 787 4131 Tandem
812 4060 974 4147 consiste,
1003 4062 1131 4136 solutis

215 4223 393 4309 Nummis,
420 4224 608 4322 obsignata
634 4227 712 4300 viae
739 4227 829 4300 mihi
854 4229 1003 4328 pignora
1022 4256 1183 4329 poscens
