<?xml version="1.0" encoding="UTF-8"?>
<!DOCTYPE html PUBLIC "-//W3C//DTD XHTML 1.0 Transitional//EN"
    "http://www.w3.org/TR/xhtml1/DTD/xhtml1-transitional.dtd">
<html xmlns="http://www.w3.org/1999/xhtml" xml:lang="en" lang="en">
 <head>
  <title>
</title>
<meta http-equiv="Content-Type" content="text/html;charset=utf-8" />
  <meta name='ocr-system' content='tesseract 3.04.00' />
  <meta name='ocr-capabilities' content='ocr_page ocr_carea ocr_par ocr_line ocrx_word'/>
</head>
<body>
  <div class='ocr_page' id='page_1' title='image "./franciscitranqu00moltgoog_0125.png"; bbox 0 0 3236 5306; ppageno 0'>
   <div class='ocr_carea' id='block_1_1' title="bbox 787 448 1007 516">
    <p class='ocr_par' dir='ltr' id='par_1_1' title="bbox 787 448 1007 516">
     <span class='ocr_line' id='line_1_1' title="bbox 787 448 1007 516; baseline 0 0"><span class='ocrx_word' id='word_1_1' title='bbox 787 448 1007 516; x_wconf 84' lang='lat' dir='ltr'>-llo-</span> 
     </span>
    </p>
   </div>
   <div class='ocr_carea' id='block_1_2' title="bbox 393 674 1275 774">
    <p class='ocr_par' dir='ltr' id='par_1_2' title="bbox 393 674 1275 774">
     <span class='ocr_line' id='line_1_2' title="bbox 393 674 1275 774; baseline 0 -28"><span class='ocrx_word' id='word_1_2' title='bbox 393 676 511 747; x_wconf 88' lang='lat' dir='ltr'>Patria</span> <span class='ocrx_word' id='word_1_3' title='bbox 537 685 654 748; x_wconf 88' lang='lat' dir='ltr'>vostra</span> <span class='ocrx_word' id='word_1_4' title='bbox 683 676 774 750; x_wconf 89' lang='lat' dir='ltr'>viros</span> <span class='ocrx_word' id='word_1_5' title='bbox 799 675 904 774; x_wconf 79' lang='lat' dir='ltr'>prisci</span> <span class='ocrx_word' id='word_1_6' title='bbox 931 674 1075 748; x_wconf 80' lang='lat' dir='ltr'>docuere</span> <span class='ocrx_word' id='word_1_7' title='bbox 1100 675 1275 771; x_wconf 82' lang='lat' dir='ltr'>magistri.</span> 
     </span>
    </p>
   </div>
   <div class='ocr_carea' id='block_1_3' title="bbox 387 819 1459 960">
    <p class='ocr_par' dir='ltr' id='par_1_3' title="bbox 387 819 1459 960">
     <span class='ocr_line' id='line_1_3' title="bbox 387 819 1459 960; baseline -0.001 -44"><span class='ocrx_word' id='word_1_8' title='bbox 387 845 573 960; x_wconf 82' lang='lat' dir='ltr'>Quumque</span> <span class='ocrx_word' id='word_1_9' title='bbox 598 845 700 918; x_wconf 91' lang='lat' dir='ltr'>novis</span> <span class='ocrx_word' id='word_1_10' title='bbox 726 819 855 918; x_wconf 91' lang='lat' dir='ltr'>studiis</span> <span class='ocrx_word' id='word_1_11' title='bbox 879 842 1088 942; x_wconf 88' lang='lat' dir='ltr'>jamdudum</span> <span class='ocrx_word' id='word_1_12' title='bbox 1114 842 1305 924; x_wconf 72' lang='lat' dir='ltr'>adoleverit</span> <span class='ocrx_word' id='word_1_13' title='bbox 1332 851 1459 928; x_wconf 76' lang='lat' dir='ltr'>actae,</span> 
     </span>
    </p>
   </div>
   <div class='ocr_carea' id='block_1_4' title="bbox 254 1012 1576 3994">
    <p class='ocr_par' dir='ltr' id='par_1_4' title="bbox 254 1012 1576 3316">
     <span class='ocr_line' id='line_1_4' title="bbox 254 1012 1401 1111; baseline -0.002 -25"><span class='ocrx_word' id='word_1_14' title='bbox 254 1017 260 1034; x_wconf 87' lang='lat'>&#39;</span> <span class='ocrx_word' id='word_1_15' title='bbox 388 1016 568 1088; x_wconf 82' lang='lat' dir='ltr'>Hactenus</span> <span class='ocrx_word' id='word_1_16' title='bbox 593 1014 690 1087; x_wconf 90' lang='lat' dir='ltr'>hand</span> <span class='ocrx_word' id='word_1_17' title='bbox 718 1016 814 1088; x_wconf 90' lang='lat' dir='ltr'>nllus</span> <span class='ocrx_word' id='word_1_18' title='bbox 842 1023 960 1088; x_wconf 88' lang='lat' dir='ltr'>nostro</span> <span class='ocrx_word' id='word_1_19' title='bbox 985 1014 1083 1086; x_wconf 87' lang='lat' dir='ltr'>venit</span> <span class='ocrx_word' id='word_1_20' title='bbox 1108 1012 1228 1088; x_wconf 88' lang='lat' dir='ltr'>ordine</span> <span class='ocrx_word' id='word_1_21' title='bbox 1253 1012 1401 1111; x_wconf 86' lang='lat' dir='ltr'>dignus.</span> 
     </span>
     <span class='ocr_line' id='line_1_5' title="bbox 385 1179 1450 1281; baseline -0.005 -25"><span class='ocrx_word' id='word_1_22' title='bbox 385 1184 478 1256; x_wconf 85' lang='lat' dir='ltr'>Xru.</span> <span class='ocrx_word' id='word_1_23' title='bbox 505 1183 616 1281; x_wconf 87' lang='lat' dir='ltr'>Atqui</span> <span class='ocrx_word' id='word_1_24' title='bbox 645 1192 718 1256; x_wconf 90' lang='lat' dir='ltr'>tam</span> <span class='ocrx_word' id='word_1_25' title='bbox 745 1184 896 1256; x_wconf 90' lang='lat' dir='ltr'>multam</span> <span class='ocrx_word' id='word_1_26' title='bbox 922 1182 1021 1256; x_wconf 88' lang='lat' dir='ltr'>vexit</span> <span class='ocrx_word' id='word_1_27' title='bbox 1045 1205 1115 1257; x_wconf 91' lang='lat' dir='ltr'>non</span> <span class='ocrx_word' id='word_1_28' title='bbox 1140 1189 1223 1254; x_wconf 86' lang='lat' dir='ltr'>ante</span> <span class='ocrx_word' id='word_1_29' title='bbox 1249 1179 1450 1256; x_wconf 84' lang='lat' dir='ltr'>Charontis</span> 
     </span>
     <span class='ocr_line' id='line_1_6' title="bbox 385 1353 1576 1453; baseline 0.003 -27"><span class='ocrx_word' id='word_1_30' title='bbox 385 1353 522 1453; x_wconf 81' lang='lat' dir='ltr'>Cymbe</span> <span class='ocrx_word' id='word_1_31' title='bbox 533 1379 678 1428; x_wconf 91' lang='lat' dir='ltr'>manum</span> <span class='ocrx_word' id='word_1_32' title='bbox 685 1355 1023 1453; x_wconf 86' lang='lat' dir='ltr'>juvenum.-&#39;-V1ao.</span> <span class='ocrx_word' id='word_1_33' title='bbox 1041 1353 1108 1428; x_wconf 85' lang='lat' dir='ltr'>Sed</span> <span class='ocrx_word' id='word_1_34' title='bbox 1119 1355 1225 1442; x_wconf 88' lang='lat' dir='ltr'>enim,</span> <span class='ocrx_word' id='word_1_35' title='bbox 1236 1353 1446 1428; x_wconf 82' lang='lat' dir='ltr'>miserabile</span> <span class='ocrx_word' id='word_1_36' title='bbox 1467 1356 1576 1444; x_wconf 87' lang='lat' dir='ltr'>visu,</span> 
     </span>
     <span class='ocr_line' id='line_1_7' title="bbox 383 1525 1573 1640; baseline 0.004 -43"><span class='ocrx_word' id='word_1_37' title='bbox 383 1526 480 1609; x_wconf 85' lang='lat' dir='ltr'>Quas</span> <span class='ocrx_word' id='word_1_38' title='bbox 499 1525 617 1613; x_wconf 79' lang='lat' dir='ltr'>facien,</span> <span class='ocrx_word' id='word_1_39' title='bbox 636 1550 727 1624; x_wconf 87' lang='lat' dir='ltr'>quae</span> <span class='ocrx_word' id='word_1_40' title='bbox 744 1527 898 1640; x_wconf 84' lang='lat' dir='ltr'>membra</span> <span class='ocrx_word' id='word_1_41' title='bbox 914 1528 1167 1625; x_wconf 77' lang='lat' dir='ltr'>gemntl—Pn.</span> <span class='ocrx_word' id='word_1_42' title='bbox 1186 1526 1259 1599; x_wconf 87' lang='lat' dir='ltr'>Vix</span> <span class='ocrx_word' id='word_1_43' title='bbox 1276 1525 1392 1624; x_wconf 86' lang='lat' dir='ltr'>digna</span> <span class='ocrx_word' id='word_1_44' title='bbox 1411 1527 1573 1627; x_wconf 85' lang='lat' dir='ltr'>Priapo!</span> 
     </span>
     <span class='ocr_line' id='line_1_8' title="bbox 386 1692 1340 1794; baseline 0.004 -29"><span class='ocrx_word' id='word_1_45' title='bbox 386 1692 546 1768; x_wconf 89' lang='lat' dir='ltr'>Maxima</span> <span class='ocrx_word' id='word_1_46' title='bbox 572 1720 654 1793; x_wconf 88' lang='lat' dir='ltr'>pars</span> <span class='ocrx_word' id='word_1_47' title='bbox 683 1695 782 1769; x_wconf 88' lang='lat' dir='ltr'>vitiis</span> <span class='ocrx_word' id='word_1_48' title='bbox 809 1705 938 1794; x_wconf 89' lang='lat' dir='ltr'>stupet,</span> <span class='ocrx_word' id='word_1_49' title='bbox 965 1695 1160 1771; x_wconf 85' lang='lat' dir='ltr'>execrabile</span> <span class='ocrx_word' id='word_1_50' title='bbox 1187 1695 1340 1792; x_wconf 76' lang='lat' dir='ltr'>vulgus:</span> 
     </span>
     <span class='ocr_line' id='line_1_9' title="bbox 383 1861 1246 1960; baseline 0.002 -26"><span class='ocrx_word' id='word_1_51' title='bbox 383 1861 530 1936; x_wconf 84' lang='lat' dir='ltr'>Caetera</span> <span class='ocrx_word' id='word_1_52' title='bbox 555 1862 749 1936; x_wconf 90' lang='lat' dir='ltr'>multarum</span> <span class='ocrx_word' id='word_1_53' title='bbox 775 1888 891 1937; x_wconf 89' lang='lat' dir='ltr'>rerum</span> <span class='ocrx_word' id='word_1_54' title='bbox 917 1863 1101 1960; x_wconf 80' lang='lat' dir='ltr'>sartagine</span> <span class='ocrx_word' id='word_1_55' title='bbox 1125 1862 1246 1950; x_wconf 90' lang='lat' dir='ltr'>farcta‚</span> 
     </span>
     <span class='ocr_line' id='line_1_10' title="bbox 385 2031 1349 2130; baseline 0.003 -27"><span class='ocrx_word' id='word_1_56' title='bbox 385 2032 503 2115; x_wconf 81' lang='lat' dir='ltr'>Quum</span> <span class='ocrx_word' id='word_1_57' title='bbox 529 2031 582 2104; x_wconf 93' lang='lat' dir='ltr'>nil</span> <span class='ocrx_word' id='word_1_58' title='bbox 607 2056 677 2106; x_wconf 93' lang='lat' dir='ltr'>non</span> <span class='ocrx_word' id='word_1_59' title='bbox 705 2033 805 2120; x_wconf 88' lang='lat' dir='ltr'>sciat,</span> <span class='ocrx_word' id='word_1_60' title='bbox 831 2035 925 2108; x_wconf 90' lang='lat' dir='ltr'>elata</span> <span class='ocrx_word' id='word_1_61' title='bbox 951 2034 1023 2106; x_wconf 88' lang='lat' dir='ltr'>iam</span> <span class='ocrx_word' id='word_1_62' title='bbox 1050 2032 1164 2108; x_wconf 86' lang='lat' dir='ltr'>fronte</span> <span class='ocrx_word' id='word_1_63' title='bbox 1190 2032 1349 2130; x_wconf 88' lang='lat' dir='ltr'>superbit</span> 
     </span>
     <span class='ocr_line' id='line_1_11' title="bbox 379 2200 1439 2303; baseline 0.005 -30"><span class='ocrx_word' id='word_1_64' title='bbox 379 2200 533 2276; x_wconf 85' lang='lat' dir='ltr'>Scribere</span> <span class='ocrx_word' id='word_1_65' title='bbox 558 2210 594 2276; x_wconf 92' lang='lat' dir='ltr'>et</span> <span class='ocrx_word' id='word_1_66' title='bbox 618 2227 675 2278; x_wconf 94' lang='lat' dir='ltr'>ore</span> <span class='ocrx_word' id='word_1_67' title='bbox 701 2203 807 2303; x_wconf 90' lang='lat' dir='ltr'>loqui,</span> <span class='ocrx_word' id='word_1_68' title='bbox 834 2203 967 2278; x_wconf 86' lang='lat' dir='ltr'>fuerint</span> <span class='ocrx_word' id='word_1_69' title='bbox 991 2227 1242 2302; x_wconf 90' lang='lat' dir='ltr'>quaecumque,</span> <span class='ocrx_word' id='word_1_70' title='bbox 1269 2203 1439 2292; x_wconf 88' lang='lat' dir='ltr'>rotunde,</span> 
     </span>
     <span class='ocr_line' id='line_1_12' title="bbox 379 2371 1331 2470; baseline 0 -26"><span class='ocrx_word' id='word_1_71' title='bbox 379 2371 549 2458; x_wconf 89' lang='lat' dir='ltr'>Annales,</span> <span class='ocrx_word' id='word_1_72' title='bbox 576 2371 760 2446; x_wconf 91' lang='lat' dir='ltr'>hominum</span> <span class='ocrx_word' id='word_1_73' title='bbox 786 2396 897 2448; x_wconf 87' lang='lat' dir='ltr'>mores</span> <span class='ocrx_word' id='word_1_74' title='bbox 923 2382 1030 2470; x_wconf 89' lang='lat' dir='ltr'>atque</span> <span class='ocrx_word' id='word_1_75' title='bbox 1056 2371 1178 2448; x_wconf 87' lang='lat' dir='ltr'>abdita</span> <span class='ocrx_word' id='word_1_76' title='bbox 1203 2395 1331 2446; x_wconf 89' lang='lat' dir='ltr'>rerum.</span> 
     </span>
     <span class='ocr_line' id='line_1_13' title="bbox 379 2540 1242 2640; baseline 0.002 -28"><span class='ocrx_word' id='word_1_77' title='bbox 379 2541 452 2614; x_wconf 90' lang='lat' dir='ltr'>Hoc</span> <span class='ocrx_word' id='word_1_78' title='bbox 477 2566 589 2615; x_wconf 93' lang='lat' dir='ltr'>unum</span> <span class='ocrx_word' id='word_1_79' title='bbox 614 2541 764 2617; x_wconf 87' lang='lat' dir='ltr'>fortasse</span> <span class='ocrx_word' id='word_1_80' title='bbox 788 2541 892 2640; x_wconf 90' lang='lat' dir='ltr'>probe</span> <span class='ocrx_word' id='word_1_81' title='bbox 917 2542 1043 2615; x_wconf 91' lang='lat' dir='ltr'>callere</span> <span class='ocrx_word' id='word_1_82' title='bbox 1067 2540 1242 2627; x_wconf 89' lang='lat' dir='ltr'>videntur,</span> 
     </span>
     <span class='ocr_line' id='line_1_14' title="bbox 377 2709 1370 2810; baseline 0.003 -29"><span class='ocrx_word' id='word_1_83' title='bbox 377 2711 426 2782; x_wconf 86' lang='lat' dir='ltr'>Te</span> <span class='ocrx_word' id='word_1_84' title='bbox 451 2709 560 2807; x_wconf 89' lang='lat' dir='ltr'>pueri,</span> <span class='ocrx_word' id='word_1_85' title='bbox 587 2711 762 2783; x_wconf 86' lang='lat' dir='ltr'>Euclides.</span> <span class='ocrx_word' id='word_1_86' title='bbox 789 2710 856 2784; x_wconf 85' lang='lat' dir='ltr'>Sed</span> <span class='ocrx_word' id='word_1_87' title='bbox 881 2734 986 2810; x_wconf 92' lang='lat' dir='ltr'>quem</span> <span class='ocrx_word' id='word_1_88' title='bbox 1012 2710 1177 2784; x_wconf 89' lang='lat' dir='ltr'>mercaris</span> <span class='ocrx_word' id='word_1_89' title='bbox 1202 2710 1370 2784; x_wconf 91' lang='lat' dir='ltr'>honorem</span> 
     </span>
     <span class='ocr_line' id='line_1_15' title="bbox 377 2877 1329 2977; baseline 0 -26"><span class='ocrx_word' id='word_1_90' title='bbox 377 2878 458 2951; x_wconf 91' lang='lat' dir='ltr'>Non</span> <span class='ocrx_word' id='word_1_91' title='bbox 483 2886 602 2951; x_wconf 88' lang='lat' dir='ltr'>tamen</span> <span class='ocrx_word' id='word_1_92' title='bbox 628 2877 786 2954; x_wconf 88' lang='lat' dir='ltr'>invideo:</span> <span class='ocrx_word' id='word_1_93' title='bbox 814 2878 937 2977; x_wconf 86' lang='lat' dir='ltr'>cupias</span> <span class='ocrx_word' id='word_1_94' title='bbox 963 2877 1063 2953; x_wconf 93' lang='lat' dir='ltr'>modo</span> <span class='ocrx_word' id='word_1_95' title='bbox 1088 2879 1184 2954; x_wconf 86' lang='lat' dir='ltr'>fuste</span> <span class='ocrx_word' id='word_1_96' title='bbox 1207 2877 1329 2967; x_wconf 90' lang='lat' dir='ltr'>dolari,</span> 
     </span>
     <span class='ocr_line' id='line_1_16' title="bbox 377 3045 1257 3146; baseline 0.002 -28"><span class='ocrx_word' id='word_1_97' title='bbox 377 3045 553 3144; x_wconf 83' lang='lat' dir='ltr'>Egredere</span> <span class='ocrx_word' id='word_1_98' title='bbox 578 3055 614 3120; x_wconf 90' lang='lat' dir='ltr'>et</span> <span class='ocrx_word' id='word_1_99' title='bbox 638 3047 756 3146; x_wconf 90' lang='lat' dir='ltr'>pueris</span> <span class='ocrx_word' id='word_1_100' title='bbox 783 3046 874 3120; x_wconf 92' lang='lat' dir='ltr'>aude</span> <span class='ocrx_word' id='word_1_101' title='bbox 898 3069 1088 3121; x_wconf 89' lang='lat' dir='ltr'>memorare</span> <span class='ocrx_word' id='word_1_102' title='bbox 1112 3047 1257 3144; x_wconf 85' lang='lat' dir='ltr'>figuras.</span> 
     </span>
     <span class='ocr_line' id='line_1_17' title="bbox 378 3215 1492 3316; baseline 0.009 -28"><span class='ocrx_word' id='word_1_103' title='bbox 378 3217 471 3290; x_wconf 85' lang='lat' dir='ltr'>Xnu.</span> <span class='ocrx_word' id='word_1_104' title='bbox 498 3215 572 3290; x_wconf 84' lang='lat' dir='ltr'>Oh!</span> <span class='ocrx_word' id='word_1_105' title='bbox 600 3216 756 3290; x_wconf 81' lang='lat' dir='ltr'>sterilem</span> <span class='ocrx_word' id='word_1_106' title='bbox 782 3216 855 3290; x_wconf 91' lang='lat' dir='ltr'>veri</span> <span class='ocrx_word' id='word_1_107' title='bbox 881 3216 1023 3289; x_wconf 88' lang='lat' dir='ltr'>Italiam</span> <span class='ocrx_word' id='word_1_108' title='bbox 1048 3225 1167 3290; x_wconf 87' lang='lat' dir='ltr'>menet</span> <span class='ocrx_word' id='word_1_109' title='bbox 1191 3216 1262 3290; x_wconf 89' lang='lat' dir='ltr'>ista</span> <span class='ocrx_word' id='word_1_110' title='bbox 1289 3220 1492 3316; x_wconf 83' lang='lat' dir='ltr'>supellex!</span> 
     </span>
    </p>

    <p class='ocr_par' dir='ltr' id='par_1_5' title="bbox 310 3327 1359 3471">
     <span class='ocr_line' id='line_1_18' title="bbox 310 3327 1359 3471; baseline -0.002 -7"><span class='ocrx_word' id='word_1_111' title='bbox 310 3327 349 3464; x_wconf 35' lang='grc' dir='ltr'>,ι</span> <span class='ocrx_word' id='word_1_112' title='bbox 373 3377 484 3460; x_wconf 50' lang='lat' dir='ltr'>¹Vmo.</span> <span class='ocrx_word' id='word_1_113' title='bbox 512 3385 611 3471; x_wconf 79' lang='lat' dir='ltr'>Quod</span> <span class='ocrx_word' id='word_1_114' title='bbox 636 3410 700 3461; x_wconf 90' lang='lat' dir='ltr'>nos</span> <span class='ocrx_word' id='word_1_115' title='bbox 725 3384 893 3460; x_wconf 90' lang='lat' dir='ltr'>detrectet</span> <span class='ocrx_word' id='word_1_116' title='bbox 919 3386 1117 3460; x_wconf 90' lang='lat' dir='ltr'>Germanus</span> <span class='ocrx_word' id='word_1_117' title='bbox 1142 3361 1236 3460; x_wconf 85' lang='lat' dir='ltr'>lotus</span> <span class='ocrx_word' id='word_1_118' title='bbox 1261 3396 1359 3462; x_wconf 87' lang='lat' dir='ltr'>aceto</span> 
     </span>
    </p>

    <p class='ocr_par' dir='ltr' id='par_1_6' title="bbox 377 3554 1570 3994">
     <span class='ocr_line' id='line_1_19' title="bbox 378 3554 1570 3654; baseline 0.003 -27"><span class='ocrx_word' id='word_1_119' title='bbox 378 3556 440 3629; x_wconf 90' lang='lat' dir='ltr'>Nil</span> <span class='ocrx_word' id='word_1_120' title='bbox 466 3556 582 3643; x_wconf 90' lang='lat' dir='ltr'>miror,</span> <span class='ocrx_word' id='word_1_121' title='bbox 610 3554 818 3654; x_wconf 89' lang='lat' dir='ltr'>quandoque</span> <span class='ocrx_word' id='word_1_122' title='bbox 845 3564 960 3629; x_wconf 88' lang='lat' dir='ltr'>movet</span> <span class='ocrx_word' id='word_1_123' title='bbox 986 3581 1051 3629; x_wconf 90' lang='lat' dir='ltr'>sua</span> <span class='ocrx_word' id='word_1_124' title='bbox 1077 3579 1250 3654; x_wconf 86' lang='lat' dir='ltr'>quemque</span> <span class='ocrx_word' id='word_1_125' title='bbox 1274 3556 1429 3654; x_wconf 91' lang='lat' dir='ltr'>cupido;</span> <span class='ocrx_word' id='word_1_126' title='bbox 1565 3577 1570 3585; x_wconf 85' lang='lat'><strong>·</strong></span> 
     </span>
     <span class='ocr_line' id='line_1_20' title="bbox 379 3723 1217 3824; baseline 0 -26"><span class='ocrx_word' id='word_1_127' title='bbox 379 3729 447 3798; x_wconf 87' lang='lat' dir='ltr'>Ast</span> <span class='ocrx_word' id='word_1_128' title='bbox 473 3724 581 3799; x_wconf 88' lang='lat' dir='ltr'>Italos</span> <span class='ocrx_word' id='word_1_129' title='bbox 607 3725 721 3824; x_wconf 87' lang='lat' dir='ltr'>patrio</span> <span class='ocrx_word' id='word_1_130' title='bbox 745 3723 858 3799; x_wconf 91' lang='lat' dir='ltr'>decori</span> <span class='ocrx_word' id='word_1_131' title='bbox 884 3723 1027 3798; x_wconf 88' lang='lat' dir='ltr'>irridere</span> <span class='ocrx_word' id='word_1_132' title='bbox 1052 3735 1217 3811; x_wconf 88' lang='lat' dir='ltr'>recentes,</span> 
     </span>
     <span class='ocr_line' id='line_1_21' title="bbox 377 3892 1453 3994; baseline 0.013 -30"><span class='ocrx_word' id='word_1_133' title='bbox 377 3892 445 3965; x_wconf 92' lang='lat' dir='ltr'>Hic</span> <span class='ocrx_word' id='word_1_134' title='bbox 469 3893 588 3990; x_wconf 92' lang='lat' dir='ltr'>pudor,</span> <span class='ocrx_word' id='word_1_135' title='bbox 615 3894 673 3967; x_wconf 92' lang='lat' dir='ltr'>hio</span> <span class='ocrx_word' id='word_1_136' title='bbox 698 3893 782 3968; x_wconf 91' lang='lat' dir='ltr'>bilis</span> <span class='ocrx_word' id='word_1_137' title='bbox 796 3895 942 3969; x_wconf 82' lang='lat' dir='ltr'>l-Hoa</span> <span class='ocrx_word' id='word_1_138' title='bbox 968 3893 1133 3970; x_wconf 88' lang='lat' dir='ltr'>Mendose</span> <span class='ocrx_word' id='word_1_139' title='bbox 1159 3895 1316 3994; x_wconf 83' lang='lat' dir='ltr'>colligis:</span> <span class='ocrx_word' id='word_1_140' title='bbox 1345 3901 1453 3979; x_wconf 89' lang='lat' dir='ltr'>unde</span> 
     </span>
    </p>
   </div>
   <div class='ocr_carea' id='block_1_5' title="bbox 378 4059 1288 4160">
    <p class='ocr_par' dir='ltr' id='par_1_7' title="bbox 378 4059 1288 4160">
     <span class='ocr_line' id='line_1_22' title="bbox 378 4059 1288 4160; baseline 0.008 -30"><span class='ocrx_word' id='word_1_141' title='bbox 378 4059 555 4134; x_wconf 90' lang='lat' dir='ltr'>Barbarus</span> <span class='ocrx_word' id='word_1_142' title='bbox 580 4061 649 4149; x_wconf 90' lang='lat' dir='ltr'>hic,</span> <span class='ocrx_word' id='word_1_143' title='bbox 676 4061 817 4160; x_wconf 88' lang='lat' dir='ltr'>siliquis</span> <span class='ocrx_word' id='word_1_144' title='bbox 843 4061 975 4136; x_wconf 88' lang='lat' dir='ltr'>farrata</span> <span class='ocrx_word' id='word_1_145' title='bbox 1000 4071 1125 4160; x_wconf 90' lang='lat' dir='ltr'>pastus</span> <span class='ocrx_word' id='word_1_146' title='bbox 1148 4073 1185 4136; x_wconf 88' lang='lat' dir='ltr'>et</span> <span class='ocrx_word' id='word_1_147' title='bbox 1208 4063 1288 4152; x_wconf 89' lang='lat' dir='ltr'>olla,</span> 
     </span>
    </p>
   </div>
   <div class='ocr_carea' id='block_1_6' title="bbox 378 4227 1223 4329">
    <p class='ocr_par' dir='ltr' id='par_1_8' title="bbox 378 4227 1223 4329">
     <span class='ocr_line' id='line_1_23' title="bbox 378 4227 1223 4329; baseline 0.008 -31"><span class='ocrx_word' id='word_1_148' title='bbox 378 4227 519 4326; x_wconf 88' lang='lat' dir='ltr'>Eloquii</span> <span class='ocrx_word' id='word_1_149' title='bbox 545 4227 669 4303; x_wconf 93' lang='lat' dir='ltr'>didicit</span> <span class='ocrx_word' id='word_1_150' title='bbox 694 4233 864 4303; x_wconf 81' lang='lat' dir='ltr'>veneres?</span> <span class='ocrx_word' id='word_1_151' title='bbox 889 4231 926 4304; x_wconf 87' lang='lat' dir='ltr'>Si</span> <span class='ocrx_word' id='word_1_152' title='bbox 953 4241 1070 4305; x_wconf 87' lang='lat' dir='ltr'>noster</span> <span class='ocrx_word' id='word_1_153' title='bbox 1096 4232 1223 4329; x_wconf 86' lang='lat' dir='ltr'>ineptit</span> 
     </span>
    </p>
   </div>
   <div class='ocr_carea' id='block_1_7' title="bbox 0 0 1622 5306">
    <p class='ocr_par' dir='ltr' id='par_1_9' title="bbox 0 0 1622 5306">
     <span class='ocr_line' id='line_1_24' title="bbox 0 0 1622 5306; baseline 0 5"><span class='ocrx_word' id='word_1_154' title='bbox 0 0 1622 5306; x_wconf 95' lang='lat' dir='ltr'> </span> 
     </span>
    </p>
   </div>
  </div>
 </body>
</html>
