3236 5306
643 441 863 511 -139-

235 672 387 746 Brachia
415 671 547 755 maleta,
577 671 674 744 lucus
701 671 830 744 mirum
857 693 894 742 se
919 668 1045 767 pandit
1070 669 1109 742 in
1134 671 1261 746 orbem.
1368 653 1371 664 ¹

241 840 404 915 Succedit
430 841 599 916 sinuosus
627 864 738 938 apex:
766 839 983 914 hiemantis
1010 838 1055 912 ad
1081 839 1197 914 instar

237 1011 399 1088 Concava
426 1019 650 1108 consurgunt
675 1011 850 1084 immensa
874 1009 1061 1083 cacumina
1086 1011 1221 1109 templi.

240 1180 298 1252 Fit
324 1179 482 1255 sonitus:
510 1178 603 1252 fusis
628 1178 791 1277 precibus
818 1179 890 1252 iam
918 1178 957 1252 in
983 1187 1065 1253 vota
1092 1187 1236 1253 vocatur

237 1352 330 1422 Voce
355 1351 452 1424 Deus
478 1348 625 1446 trepida.
652 1349 727 1424 Ceu
753 1348 895 1447 quando
919 1349 1069 1447 gurgite
1095 1349 1141 1422 ab
1166 1348 1236 1424 imo

237 1522 399 1616 Aequora
424 1517 636 1616 confligunt,
665 1518 810 1592 fremitu
838 1519 947 1592 simul
973 1519 1091 1617 ampla
1117 1519 1297 1592 resultant

239 1691 333 1762 Saxa
357 1690 477 1789 procul
503 1690 621 1780 vari03
648 1689 758 1762 simul
783 1667 886 1763 oinne
912 1689 1124 1786 sequacibus
1150 1687 1258 1761 undis

237 1859 416 1946 Miscetur,
442 1860 664 1956 pelagusque
690 1857 792 1932 fretis
820 1857 1041 1956 spirantibus
1067 1856 1194 1932 horret.

240 2029 344 2102 Haud
370 2052 473 2104 secus
499 2029 635 2102 interea
662 2029 792 2127 spatiis
816 2028 957 2102 inclusa
983 2029 1151 2114 recurvis,

238 2205 339 2300 Itque
364 2201 525 2298 reditque
550 2200 639 2286 vias,
667 2198 781 2272 decies
807 2197 993 2295 geminata
1018 2221 1079 2296 per
1104 2223 1211 2272 auras

236 2373 314 2446 Vox
341 2371 471 2470 populi,
498 2369 684 2467 deciesque
710 2368 801 2442 tholi
828 2392 922 2464 vaga
949 2375 1119 2440 consonat
1145 2366 1239 2441 echo.

235 2539 472 2614 Ohominum
500 2561 687 2636 rerumque
713 2546 837 2634 patens
864 2535 1046 2612 Florentia
1072 2544 1185 2610 mater

238 2711 335 2783 Tolle
360 2710 518 2784 animos:
546 2733 591 2782 en
617 2709 693 2807 ipse
713 2716 824 2806 caput
850 2706 994 2782 tandem
1020 2711 1141 2780 Arnus
1168 2705 1213 2780 ab
1238 2705 1346 2779 undis

236 2880 388 2967 Extulit,
418 2888 454 2952 et
479 2878 613 2976 trepide
641 2878 765 2976 magni
792 2876 914 2950 decora
941 2877 1069 2950 ultima
1095 2876 1219 2974 templi
1244 2842 1246 2854 Ι

236 3037 464 3147 Inspecturus
493 3048 604 3122 adest.
631 3051 703 3121 Vos
729 3071 825 3119 nunc
851 3070 939 3143 quos
964 3044 1103 3144 inclyta
1129 3043 1215 3117 facti

238 3221 348 3293 Fama
374 3229 505 3306 manet,
533 3228 716 3317 properate
743 3217 922 3290 virilem
950 3214 1134 3314 splendeat
1158 3215 1284 3301 omnis,

236 3389 347 3486 Regis
372 3413 471 3487 epus,
498 3388 627 3462 facies:
657 3386 832 3486 spirantia
860 3384 980 3458 sistite
1006 3384 1115 3482 signa

235 3560 432 3655 Expectata
458 3556 531 3629 diu.
559 3555 626 3630 Sed
656 3555 751 3628 enim
773 3578 869 3652 quae
895 3552 1063 3650 lugubris
1089 3552 1211 3626 urbem

233 3727 312 3799 Vox
341 3725 488 3822 inopina
514 3724 643 3822 quatit,
671 3723 795 3796 fatalis
822 3722 955 3795 nuncia
980 3722 1113 3796 casus?

234 3892 372 3968 Occidis
399 3893 470 3966 heu
498 3893 624 3965 misere
651 3891 789 3977 Tuscis,
816 3891 888 3963 hen
914 3889 1044 3962 flebilis
1070 3888 1166 3963 omni

237 4062 372 4148 Italiae,
402 4060 600 4136 venerande
626 4061 744 4134 faber!
776 4059 1012 4133 Dectissimus
1038 4082 1133 4129 unus

234 4233 404 4307 Infermes
431 4232 570 4330 agitare
596 4257 693 4306 sacre
720 4229 912 4329 spiramine
936 4229 1056 4313 melae,
