3246 5314
742 443 936 512 ..58ss

334 673 426 746 Hinc
451 673 579 745 iterum
604 670 736 756 caudae,
763 663 891 743 iterum
916 667 1071 743 crudelia
1095 668 1180 742 balli

333 845 491 916 Funera!
519 841 673 916 fraterno
698 841 842 913 sinuosa
867 862 927 937 per
952 862 1102 936 aequora
1128 845 1240 909 terrae
1462 861 1530 916 140

332 1013 516 1112 Sanguine
540 1011 709 1097 foedatae,
737 1010 837 1109 queis
862 1016 981 1082 contra
1007 1007 1180 1105 plurimae
1207 1005 1251 1078 ab
1277 1002 1390 1077 undis

332 1185 459 1257 Elatae
482 1183 616 1282 passim
642 1181 851 1280 respondent
876 1180 1015 1252 insulae
1041 1180 1079 1250 iu
1105 1202 1234 1262 arcum,

340 1351 485 1426 Diverso
510 1359 613 1425 notae
638 1351 747 1448 vulgo
772 1349 978 1447 cognomine
1003 1348 1111 1420 venti.

273 1577 281 1594 .
332 1519 391 1593 Ah
417 1520 568 1606 invenie,
596 1529 672 1594 sate
696 1520 873 1617 praeclaro
898 1527 950 1591 tot
976 1517 1153 1615 sanguine
1178 1539 1314 1614 regum,

333 1687 466 1761 Proiice
491 1697 627 1786 sceptra
652 1714 772 1774 manu,
798 1687 950 1760 nimium
975 1709 1020 1760 ne
1045 1685 1143 1759 crede
1169 1684 1295 1759 ferenti
1333 1791 1340 1804 .
1461 1717 1527 1773 145

329 1859 488 1944 Munera,
515 1881 559 1930 ue
584 1857 736 1931 nimium
761 1856 879 1955 gaude
905 1857 1132 1955 popularibus
1160 1857 1267 1928 auris.

332 2028 361 2100 Ο
388 2026 419 2098 si
446 2050 516 2099 non
542 2026 636 2099 alius
661 2027 788 2124 poterit
813 1993 989 2125 degente
1014 2036 1154 2101 tuorum

329 2205 538 2276 intantum
563 2226 708 2300 proavos
733 2227 891 2300 unquam
917 2227 977 2300 spe
1001 2203 1122 2276 toliere
1147 2203 1249 2288 laeta,

329 2373 435 2443 Parce
460 2393 577 2468 genus
603 2371 770 2444 scelerare
794 2379 907 2456 tuum,
933 2371 1096 2443 miserere
1122 2380 1280 2444 tuorum:

330 2539 524 2636 Sanguine,
550 2564 715 2616 casurum
740 2548 867 2624 tecum,
894 2539 1088 2613 mercabera
1113 2563 1272 2636 regnum.
1454 2569 1519 2626 150

329 2706 469 2793 Infelirr,
497 2707 582 2780 solio
607 2707 792 2806 prohibent
816 2715 852 2780 te
878 2707 1002 2780 sistere
1027 2649 1124 2780 fata.⁸

326 2876 421 2956 Quos
446 2876 603 2973 gemitus
630 2875 871 2974 fremitusque,
897 2877 979 2949 istri
1005 2900 1108 2975 prope
1126 2876 1262 2978 littora,
1289 2875 1392 2948 tollet

330 3046 464 3142 Regia!
492 3047 547 3118 vel
572 3054 757 3144 quantum,
787 3045 926 3118 iuvenis
952 3044 1158 3131 miserande,
1186 3044 1344 3117 vicissim

326 3215 451 3286 Funus
480 3227 564 3312 aget
588 3238 678 3310 gons
705 3240 785 3287 cora
811 3212 888 3299 tibi,
914 3238 1024 3313 quum
1050 3222 1150 3286 muta
1175 3213 1309 3286 videbit

329 3383 536 3480 Navigium,
563 3383 654 3481 quod
680 3408 812 3480 magna
838 3383 957 3455 animo
980 3390 1016 3454 te
1041 3381 1116 3456 fata
1141 3390 1338 3455 moventem
1442 3409 1503 3468 155

335 3557 485 3655 Appulit
511 3559 656 3642 Oceano,
683 3556 827 3630 moestis
853 3555 1060 3652 insignibus
1085 3579 1163 3628 oras

241 3873 270 3917 V.
287 3873 331 3918 lto
346 3872 468 3928 Intellige
481 3874 611 3929 regionem
620 3863 783 3916 'Mexicanam
797 3883 862 3927 quae
875 3873 917 3916 hic
932 3872 1061 3916 indicatur
1075 3884 1106 3916 ex
1121 3873 1227 3916 incurvo
1241 3871 1309 3926 sinu,
1324 3873 1404 3928 atqua
1419 3873 1505 3920 insu-

184 3945 216 3987 lia
230 3953 243 3985 e
257 3944 360 3998 regione
373 3942 476 3999 posit1a3
490 3945 582 3987 harum
595 3943 646 3987 iam
660 3944 755 3986 mentio
768 3946 888 3997 occurrit,
902 3955 926 3988 v.
941 3943 1023 3988 74-76.
1039 3945 1072 4002 tp·
1086 3945 1129 4002 33).

246 4013 276 4057 V.
292 4013 336 4058 159.
352 4013 446 4067 Nempe
460 4014 573 4058 Viennae
586 4013 612 4056 in
627 4015 740 4058 dustria.

241 4084 270 4127 V.
285 4083 330 4129 155.
345 4082 421 4126 Fama
434 4085 579 4138 accepimus
592 4085 659 4128 idem
673 4084 807 4139 navigium
821 4083 871 4141 (cui
887 4095 976 4128 nomen
986 4085 1103 4143 Novaro),
1118 4087 1183 4138 quod
1193 4084 1399 4128 Maximilianum
1413 4086 1510 4142 Impa-

188 4157 299 4202 ratorem
313 4155 343 4197 ad
359 4155 489 4198 Maricana
502 4156 592 4198 littora
605 4156 757 4208 transvexit,
773 4155 823 4201 iam
837 4157 1011 4199 exanimatum
1026 4166 1117 4210 corpus
1130 4156 1160 4198 ad
1175 4165 1235 4199 suos
1250 4157 1276 4199 in
1287 4145 1404 4208 'patriam
1419 4161 1509 4201 resti-

189 4223 276 4268 tuisse.
