3246 5314
777 457 975 528 „54-

371 681 527 786 unguo,
553 709 645 785 quae
670 686 828 763 crebrum
855 684 1022 783 praebent
1047 683 1209 757 tabulata
1235 683 1408 757 foramen.

371 855 528 958 Gessipii
554 855 613 929 his
638 879 743 953 super
767 854 914 934 iniectas
941 851 1091 927 extende
1116 851 1300 951 maniplos.
1528 880 1570 934 55

373 1028 457 1100 Mox
482 1025 544 1099 ubi
570 1034 766 1112 curvatum,
792 1024 910 1098 nervis
936 1022 1176 1109 tendentibus,
1203 1047 1324 1096 arcum

369 1181 488 1252 Laeva
513 1179 599 1252 tulit
624 1177 790 1264 medium,
817 1201 880 1251 nec
906 1201 976 1250 non
1000 1176 1105 1251 breve
1129 1175 1254 1249 dextra
1279 1174 1476 1262 bacillum,

372 1347 441 1422 Cui
468 1347 570 1420 lateri
596 1347 765 1420 inseritur
791 1345 904 1420 medio
928 1344 1015 1418 dens
1041 1371 1137 1419 unus
1162 1352 1198 1418 ct
1224 1345 1323 1429 alter,

372 1515 520 1592 Talibus
546 1517 617 1590 huc
642 1517 727 1590 illuc
752 1516 861 1589 armis
887 1514 1052 1588 adcintus
1077 1515 1209 1589 inertes

265 1773 270 1785 ι
372 1690 530 1773 Percute,
557 1695 592 1760 et
618 1685 804 1784 implacido
829 1694 966 1759 versate
991 1685 1133 1758 turbine
1161 1684 1277 1757 fibrae.
1532 1711 1576 1764 60

373 1855 549 1929 Dentibus
574 1879 722 1930 excusso
747 1856 803 1930 vis
828 1865 883 1929 est
907 1855 995 1928 haec
1020 1854 1131 1927 insita
1156 1878 1263 1928 nervo

374 2025 524 2112 Scilicet,
551 2033 593 2097 ut
618 2025 763 2123 paribus
790 2034 917 2099 tremor
943 2022 1035 2096 idem
1060 2022 1197 2098 vi'ribus
1222 2021 1314 2094 imas

244 2191 255 2208 '
372 2193 527 2292 Gossipii
554 2193 668 2270 vibret
693 2193 846 2292 penitus,
873 2201 1054 2291 tentetque
1079 2192 1244 2266 latebras.

373 2365 518 2437 Etiam
545 2373 657 2438 strate
683 2389 812 2438 manus
838 2372 879 2437 ut
903 2362 1031 2438 messis
1057 2363 1170 2436 sensit
1194 2371 1320 2436 euntes

375 2531 612 2630 Subsequitur
636 2530 841 2605 tremefacta
867 2530 975 2617 fibris,
1001 2509 1388 2629 turgetque'volatque
1535 2567 1580 2622 65

375 2701 475 2773 Mille
500 2723 561 2798 per
586 2723 736 2790 errores;
761 2698 905 2771 tandem
931 2681 981 2771 in'
996 2722 1033 2772 se
1058 2699 1119 2772 fila
1146 2698 1316 2785 residunt,

376 2871 492 2942 Nacta
518 2869 624 2941 viam.
651 2867 868 2966 Quandoque
894 2868 1012 2941 nivem
1039 2869 1090 2942 sic
1115 2868 1209 2942 nube
1235 2867 1409 2944 caducam

340 3119 343 3125 ,
377 3040 575 3125 Cernimus,
602 3048 637 3112 et
662 3039 757 3112 lente
781 3039 918 3137 lapsam
945 3061 1069 3112 canere
1094 3063 1154 3137 per
1180 3064 1295 3138 agros.

376 3215 427 3283 At
451 3211 514 3309 qui
539 3209 695 3308 Gessipii
720 3208 819 3283 fibris
845 3209 950 3282 exilis
978 3210 1140 3284 inhaeret

376 3381 500 3454 Pulvis
528 3379 654 3466 adhuc,
680 3380 870 3478 paleaeque
895 3380 990 3452 leves
1008 3380 1160 3456 cribrum
1186 3382 1505 3482 interagendum
1537 3424 1582 3477 70

377 3549 527 3647 Accipit,
555 3557 591 3622 at
616 3548 763 3622 calamis
789 3548 883 3622 infra
909 3550 1123 3622 transmittit
1149 3550 1290 3624 hiulcis.

281 3711 328 3791 ll.
380 3717 446 3790 Sed
460 3674 567 3792 *nunc
592 3719 651 3792 his
677 3719 767 3792 actis
794 3728 937 3816 superat
961 3745 1042 3817 pars
1068 3721 1207 3808 ultima,
1234 3723 1364 3796 lectum

378 3891 509 3960 Tenere
535 3896 570 3960 et
596 3888 771 3963 humanos
797 3888 990 3962 extundere
1015 3900 1154 3964 stamen
1180 3891 1218 3962 in
1244 3918 1343 3964 usus.

378 4057 445 4129 Hic
471 4057 577 4144 labor,
606 4058 689 4131 hinc
715 4059 839 4133 foenus
865 4059 971 4133 liceat
997 4083 1134 4157 sperare
1160 4060 1301 4135 colonis.

383 4230 517 4302 Forsan
544 4237 578 4301 et
595 4229 659 4302 hcc
686 4233 913 4327 (quamquam
941 4229 1023 4304 novi
1040 4237 1147 4326 quam
1174 4228 1286 4303 dicere
1304 4257 1496 4330 magnum
1533 4273 1578 4328 75
