3236 5306
754 451 972 521 -1084

358 677 485 751 Nescio
509 677 590 774 quis
608 678 753 774 pultans
781 678 980 774 (audisne‘l)
1007 677 1188 752 admittier
1205 687 1292 752 orat.

356 846 449 932 Quid
468 846 742 921 faciam‘l-Pn,
769 846 1134 922 Euclidesnel-Don.
1163 852 1218 921 Ita
1239 849 1466 926 fors-Vra.
1501 857 1541 924 l-

731 969 733 976 ’
1184 968 1326 1062 (gnosce
1351 970 1538 1040 moranti.

356 1137 416 1208 Pu.
442 1133 596 1207 Accedat
623 1134 718 1206 sine:
745 1159 808 1232 par
834 1159 968 1233 semper
994 1135 1072 1221 sibi,
1099 1143 1196 1209 totus
1222 1135 1260 1206 in
1286 1162 1358 1210 uno

355 1309 476 1404 Usque
501 1304 616 1389 abaco,
643 1305 817 1402 metisque
842 1306 1092 1380 novis-Hos.
1118 1307 1258 1379 Salvere
1284 1306 1460 1380 iubemus

357 1476 426 1562 Qui
450 1473 586 1572 gaudet
611 1473 697 1547 felix
722 1476 879 1550 numeris
904 1485 940 1549 et
963 1477 1116 1574 pulvere,
1144 1474 1248 1549 rebus

353 1643 572 1720 Posthabitis
598 1643 692 1730 aliis,
717 1642 926 1744 quandoque
951 1643 1300 1719 sodalibus-Eunu.
1330 1649 1444 1718 Anne

352 1815 447 1886 Hora
472 1837 538 1910 ego
562 1811 752 1910 composita
779 1812 875 1885 solus
899 1811 1200 1887 desiderari—Pu.
1226 1812 1304 1897 Eia,

352 1985 545 2071 Paruimus,
571 1983 741 2058 assidens.
769 1983 860 2057 Socii
886 2008 1108 2057 occurramus
1134 1992 1267 2080 opertet

354 2159 500 2254 Iamque
525 2154 640 2241 malis,
669 2155 700 2228 si
725 2163 846 2229 nostra
871 2163 975 2228 vetus
1000 2179 1064 2230 nos
1089 2155 1208 2252 gloria.
1229 2156 1362 2252 tangit.

353 2324 446 2399 Olim
473 2328 590 2421 (quem
616 2323 724 2398 vestri
750 2325 839 2397 latet
866 2324 968 2432 hcc‘l)
995 2348 1086 2422 quae
1109 2324 1282 2422 liquimus
1307 2324 1380 2424 ipsi

354 2496 402 2567 Et
427 2518 549 2568 musae
575 2502 610 2567 et
635 2503 775 2570 nostrae
802 2494 946 2592 sophiae
970 2494 1092 2569 decora
1117 2495 1223 2582 alma,
1248 2495 1446 2570 iuventam

352 2662 507 2738 Assidue
532 2687 692 2737 versasse
717 2662 774 2738 die
800 2634 974 2762 adituque
1000 2641 1157 2737 iuvabat.

350 2832 436 2908 Inde
461 2856 524 2908 nec
549 2833 843 2929 exiguusncbis,
869 2859 948 2906 cum
976 2833 1088 2906 simus
1113 2835 1213 2907 avari

352 3003 485 3078 Laudis
511 3002 636 3090 adhuc,
663 3003 812 3076 accessit
836 3003 955 3090 honor,
980 3003 1222 3100 gaudentibus
1250 3003 1341 3076 ultro

350 3173 480 3246 Nostra
507 3171 607 3270 sequi
633 3181 724 3245 recte
750 3172 897 3245 iuvenes
922 3172 1087 3270 vestigia.
1114 3172 1246 3270 Contra

349 3343 426 3427 Quo
450 3364 505 3416 res
531 3366 626 3414 nunc
652 3340 768 3414 venit!
795 3364 887 3438 quae
912 3340 1013 3414 nobis
1038 3340 1115 3414 dira
1140 3350 1327 3439 precantur

350 3514 425 3586 Iam
452 3510 545 3586 sueti
570 3509 702 3584 nostris
729 3533 832 3606 super
858 3509 1096 3608 impallescere
1121 3509 1276 3584 chartis!

346 3681 421 3753 Nos
447 3677 549 3764 fatui,
578 3677 732 3763 rabulae,
759 3678 907 3774 collegia
934 3678 1084 3751 dicimur
1109 3703 1230 3752 onmes

347 3851 494 3921 Prorsus
504 3848 853 3945 ineptorum-Xan.
865 3847 1185 3923 credamne-Pr.
1196 3851 1274 3921 Heu
1284 3848 1388 3922 mitte
1399 3851 1533 3929 doceri

345 4018 443 4101 Quae
467 4017 505 4088 in
531 4024 566 4088 te
591 4017 795 4113 praesertim
821 4016 920 4112 pueri
945 4017 1102 4090 convicia
1127 4015 1291 4102 fundant,

342 4185 486 4256 Vertere
511 4191 546 4256 te
571 4183 672 4270 iussi,
700 4209 809 4281 quum
835 4207 946 4257 mores
973 4185 1082 4281 Regis
1108 4194 1143 4258 et
1172 4209 1270 4257 arma
