3236 5306
619 466 840 539 -111-

223 714 405 790 Ausoniae
432 723 550 787 coetus
576 713 727 799 iuvenis,
753 713 923 812 peiusque
948 711 1124 824 magistri,

220 883 364 982 Desipit
390 883 531 958 omnino
556 882 618 983 qui
646 907 741 955 nunc
768 880 837 956 sibi
863 880 1034 955 barbarus
1059 880 1123 952 uni

221 1058 380 1152 Arrogat
406 1060 441 1126 et
465 1052 629 1126 monitus
649 1051 731 1126 aliis
757 1051 945 1124 infundere
970 1060 1006 1124 et
1031 1059 1152 1124 artem.

220 1221 365 1295 Scilicet
388 1220 448 1293 hic
473 1220 633 1295 tumidus
658 1220 872 1321 quicumque
897 1228 953 1293 est
980 1219 1096 1293 accola
1121 1218 1236 1294 Rheni

215 1353 373 1464 'Grande'
389 1389 525 1489 aliquid
552 1389 683 1464 iactare
709 1398 825 1488 potest
851 1389 1038 1487 hueusque
1060 1388 1197 1475 tulisse,

222 1557 379 1632 Scribere
404 1580 472 1663 seu
493 1557 578 1655 pede
603 1557 691 1632 liber
717 1565 812 1630 amet
837 1581 901 1631 seu
926 1557 1061 1655 fingere
1085 1558 1228 1631 versus!

222 1731 329 1802 Sutor
351 1751 396 1801 ne
421 1752 527 1825 supra
552 1726 746 1826 crepidam:
773 1727 839 1801 ohe
863 1725 1004 1800 desinat
1017 1728 1135 1800 l—Pt.
1161 1726 1306 1804 Hercle

224 1897 418 1985 Desineret,
446 1897 484 1970 ni
510 1923 661 1996 usquam
688 1897 805 1972 fatuos
832 1906 989 1996 captaret
1015 1906 1186 1970 amantes.

220 2071 275 2140 At
299 2065 406 2140 vestri
433 2074 552 2140 contra
577 2066 686 2164 pueri,
712 2089 800 2164 quos
826 2089 937 2164 nuper
962 2065 1070 2152 adivi,

219 2237 318 2307 Haec
342 2234 467 2308 misere
491 2235 658 2308 retulere:
687 2234 779 2307 nihil
805 2259 874 2309 non
901 2234 1054 2333 amplius
1080 2234 1179 2333 ipsis,

219 2403 346 2478 Infima
370 2404 426 2478 vel
452 2412 590 2480 vestrae
615 2403 726 2478 doctis
752 2404 925 2477 elementa
949 2403 1118 2502 loquelae,

226 2570 368 2644 Discere
393 2571 449 2646 fas
476 2581 541 2659 est,
566 2580 630 2645 aut
654 2570 821 2645 manibus
847 2594 986 2646 versare
1010 2571 1211 2670 legendum,

224 2738 325 2824 Quod
351 2764 422 2814 non
446 2739 624 2813 Germana
649 2739 786 2836 trutina
810 2748 996 2837 pensetur:
1023 2738 1146 2813 eadem

217 2909 268 2980 Et
292 2906 391 2980 Graii
416 2906 553 2980 trutina
577 2915 707 2981 temere
732 2905 981 3006 suspendimur
1005 2923 1137 2982 omnes.

218 3075 369 3151 Tradere
394 3077 446 3150 nil
471 3077 600 3174 pueris,
625 3077 788 3174 quamvis
813 3075 1000 3163 decoctius,
1028 3076 1170 3164 audent,

218 3251 314 3320 Ante
339 3249 452 3321 locum
479 3271 599 3322 censor
623 3271 729 3345 quam
755 3247 986 3345 castigaverit
1007 3271 1098 3321 scer.

186 3419 314 3490 “Hinc
338 3416 423 3490 dum
448 3403 609 3515 pastillos
635 3415 784 3492 comedit
808 3415 895 3490 bene
921 3426 1079 3515 comptus
1105 3427 1141 3490 et
1165 3417 1240 3491 alta

218 3585 437 3684 Spectandue
461 3592 607 3695 puerum
633 3585 755 3670 cultor,
781 3607 867 3682 puer
892 3584 978 3682 ipse,
1003 3584 1180 3672 cathedra,

215 3761 413 3836 Rancidula
439 3761 594 3861 loquitur
618 3783 719 3836 voce:
747 3763 826 3836 Hoc
851 3763 951 3848 male,
977 3760 1127 3836 stultius
1153 3761 1269 3837 illud:

219 3937 289 4038 Sc'c
311 3937 425 4011 visum
450 3943 628 4010 adunctae
653 3933 757 4008 aeris
782 3932 1018 4030 scriptoribus
1029 3962 1041 4005 :
1069 3933 1170 4019 istun

227 4107 303 4192 Vos,
329 4128 474 4178 cencres
498 4103 649 4201 eipaatc,
671 4127 811 4201 precor,
839 4102 981 4200 sipacte
1007 4103 1153 4200 lepores

217 4277 266 4349 Et
291 4275 374 4348 laxa
399 4274 530 4348 cervice
554 4273 654 4370 legit,
681 4273 850 4347 miracula
878 4239 1035 4372 pandens
