3236 5306
788 491 983 562 ...74-

276 800 280 808 ¹
376 719 468 790 Hine
492 718 618 816 repetit
644 719 777 793 senior:
805 719 980 817 siquidem
1005 720 1076 794 iam
1104 723 1267 798 novimus
1293 723 1380 798 imis

376 885 533 961 Effossas
558 896 671 960 terrae
698 886 848 975 sinibus,
875 889 1036 963 mirabile
1061 890 1153 978 visu,

375 1054 572 1154 Relliquias
597 1057 728 1144 calvae,
754 1082 826 1155 qua
851 1081 922 1132 non
947 1057 1127 1157 antiquior
1150 1059 1225 1132 ulla

374 1225 555 1299 Hactenus
573 1225 741 1298 humana.
759 1227 859 1299 Hanc
877 1225 1040 1324 equidem
1058 1227 1127 1302 sibi
1146 1228 1251 1302 simia
1268 1216 1465 1328 nunquam
1502 1257 1554 1311 100

374 1392 479 1468 Certa
505 1417 591 1468 suae
617 1395 728 1468 veluti
755 1395 886 1469 formae
912 1395 1129 1469 monimenta
1153 1395 1289 1493 primia,

375 1566 547 1660 Arrogat:
576 1572 615 1636 at
639 1562 740 1637 nobis
766 1572 869 1637 vetus
897 1563 984 1636 haec
1009 1562 1165 1637 calvaria
1190 1564 1316 1638 saltem

376 1730 503 1805 Nescio
528 1730 619 1830 quod
645 1730 811 1818 medium,
839 1731 961 1804 missis
987 1729 1212 1830 ambagibua‚
1238 1733 1331 1807 inter

374 1900 523 1974 Simiam
549 1908 585 1972 et
610 1899 806 1974 humanam
832 1900 966 1998 signat,
992 1900 1083 1974 mihi
1108 1900 1218 1988 erede,
1243 1901 1434 2000 figuram»

313 2128 321 2145 .
360 2069 439 2145 'Hic
463 2095 606 2170 aequor:
638 2072 699 2145 «0
725 2093 801 2145 sero
826 2069 1023 2144 studiorum
1048 2071 1200 2168 parcite:
1227 2076 1428 2168 monstrum
1497 2098 1549 2154 105

374 2244 447 2316 Hoc
472 2241 602 2342 quibus
627 2266 647 2315 e
671 2241 775 2315 terris
801 2240 979 2325 doctorum
1005 2241 1152 2339 protudit
1179 2243 1336 2315 aetas‘3»

373 2413 504 2497 «Quae
528 2435 593 2485 nos
617 2433 738 2509 nuper,
765 2409 809 2482 ad
835 2410 923 2483 haec
948 2408 1073 2495 senior,
1098 2409 1298 2484 deteximus
1323 2435 1412 2483 arva

371 2581 539 2654 Germani
565 2580 718 2654 coluere:
746 2579 901 2654 hominis
926 2603 1043 2678 genus
1069 2579 1151 2652 inde
1177 2588 1367 2666 vetustum,

370 2747 557 2823 Barbarieo
582 2748 757 2848 quamvis,
782 2747 917 2845 gaudet
941 2747 1149 2845 cognomine
1174 2749 1220 2823 ab
1243 2747 1324 2834 oris,

369 2915 482 2990 Calua
507 2915 569 2990 ubi
594 2913 739 2989 delituit
763 2922 815 2989 tot
841 2914 913 2987 iam
940 2937 1001 3012 per
1026 2914 1191 2988 secula».
1222 2913 1332 2987 «Diei
1489 2942 1542 2998 110

368 3087 558 3186 Iosipieoa
581 3094 717 3183 poterat
741 3092 829 3171 tuto,
857 3084 1041 3181 interpello
1065 3084 1286 3181 loquentem3

372 3254 662 3354 Quandoquidem
687 3253 846 3353 Septem
870 3251 1078 3327 iamdudum
1103 3251 1234 3325 dicitur
1258 3250 1320 3324 ille

371 3425 445 3499 Nos
471 3448 588 3523 panea,
616 3424 794 3498 humanae
820 3422 948 3500 sobolis
973 3423 1035 3522 qui
1061 3422 1197 3521 pri-mus
1222 3421 1397 3533 habetun

373 3593 469 3679 Quin
493 3594 612 3680 etiam,
639 3603 681 3668 ut
706 3617 828 3668 verum
855 3593 978 3680 fatear,
1004 3592 1149 3666 meliora
1175 3593 1369 3690 loquuntur

374 3763 444 3848 Qui
469 3786 596 3864 nornen
621 3764 742 3836 calvae
767 3763 877 3837 veteri
903 3751 1013 3836 fecere
1038 3770 1202 3860 repertae.

284 4179 313 4222 v.
328 4177 425 4224 97-117.
441 4178 521 4223 calva
529 4179 591 4222 heac
601 4176 691 4222 effossa
700 4176 782 4220 fertur
792 4177 818 4219 in
832 4177 906 4220 antro
915 4177 1025 4230 quodam
1034 4175 1112 4220 vallis
1121 4183 1186 4231 quae
1196 4176 1263 4231 apud
1274 4175 1415 4222 Germanos
1425 4174 1540 4220 Neooder

232 4248 386 4303 appellatur.
393 4249 539 4294 Hiuehomo
549 4248 598 4291 iata
608 4249 737 4300 inventus,
753 4247 793 4290 uu
803 4247 974 4293 Dorvviaioni
982 4249 1129 4302 autumant,
1144 4246 1273 4301 antiquior
1284 4245 1412 4300 illaquam
1426 4245 1539 4290 Limus

232 4321 371 4374 Sapientem
384 4319 495 4374 vocavit,
511 4318 591 4374 vulgo
605 4318 701 4362 dicitur
715 4318 946 4365 Noaodaroaleaaia
