3246 5314
669 447 865 516 ..55-

257 674 491 749 Carminibus
517 674 567 748 sit
591 683 758 761 monstra,
784 699 895 749 novas
921 697 1106 773 rerumque
1131 676 1281 774 figrnas)

260 843 493 942 Adgrederer,
520 844 552 918 si
578 843 725 918 inventa
750 852 871 916 tamen
894 851 1055 942 pertenta
1081 843 1245 918 viderem.

256 1012 473 1105 Audieram3
499 1012 560 1087 sed
586 1013 682 1086 enim
708 1021 825 1086 vatem
851 1013 905 1086 nil
930 1011 1040 1086 missa
1065 1037 1125 1111 per
1149 1038 1253 1087 aures

258 1180 481 1273 Soliicitant3
507 1180 614 1255 dietis
638 1189 796 1280 praestat
821 1205 1023 1281 componere
1049 1181 1138 1256 visa.

257 1351 376 1436 Quare
401 1374 488 1449 age:
516 1351 672 1450 Gossipii
697 1352 819 1427 lubeat
844 1360 1001 1450 spectare
1025 1350 1202 1437 tabernas,
1386 1377 1422 1433 80

255 1521 361 1593 Hane
384 1520 493 1594 etiarn
519 1520 551 1594 si
577 1529 702 1594 tantus
728 1544 824 1594 amor
848 1519 915 1594 tibi
941 1517 1074 1592 discere
1099 1528 1245 1617 partem,

255 1688 309 1760 Et
332 1687 404 1760 late
429 1687 571 1787 vestiga
595 1688 716 1763 oculis.
743 1690 824 1763 Non
849 1688 1003 1787 amplius
1028 1687 1104 1762 illie

256 1855 409 1930 Cernere
434 1856 502 1930 erit
525 1855 674 1955 gravido
699 1856 884 1930 dueentem
909 1856 1035 1931 textile
1060 1856 1150 1962 fuso·

255 2027 404 2098 Stamen
420 1995 548 2113 ¹annm,
575 2026 709 2100 strictis
734 2025 820 2100 dum
845 2025 979 2101 mordet
1002 2051 1112 2143 pensa
1136 2026 1295 2102 labellis:

254 2200 336 2269 Aut
357 2197 460 2270 lateri
485 2220 682 2296 compressa
710 2198 824 2272 colum
850 2220 942 2296 quae
962 2198 1109 2295 garrula
1136 2196 1286 2270 summis
1385 2222 1421 2278 85

257 2365 405 2439 Tortum
432 2375 570 2440 stamen
596 2368 676 2466 agit
699 2366 838 2467 digitis,
864 2368 1048 2442 humectat
1073 2377 1109 2442 et
1134 2390 1201 2443 ore.

254 2533 420 2608 Invenies
446 2536 543 2623 alibi,
569 2535 679 2610 radiis
705 2539 767 2636 qui
793 2536 902 2611 donat
927 2537 1042 2610 acutis

249 2689 337 2774 ¹Fila
362 2723 485 2792 manu*
508 2706 656 2779 alternis
681 2705 829 2806 pedibus
854 2707 927 2778 vim
954 2706 1076 2804 iungit
1101 2715 1137 2779 et
1161 2713 1278 2803 urget,

254 2873 405 2972 Filaque
430 2874 615 2973 dispensat
641 2876 808 2951 subtexta
834 2876 1019 2975 sequentia
1047 2874 1129 2948 filis.

251 3044 444 3140 Ingeniosa
470 3046 572 3119 novis
597 3033 730 3120 dudum
758 3047 996 3120 instrumenta
1022 3046 1149 3144 figuris
1386 3071 1422 3126 ee

256 3211 445 3286 Artificum
471 3212 689 3288 frustrantur
714 3239 825 3313 opus:
849 3239 956 3314 vapor
981 3216 1111 3313 igneus
1137 3225 1245 3315 atque

259 3381 407 3479 Supplet
431 3406 544 3480 aquae
569 3382 624 3455 vis
648 3407 709 3481 per
733 3383 877 3457 tubulos
903 3404 1100 3481 compressa
1124 3407 1276 3458 voraces.

257 3550 352 3625 Hinc
375 3553 479 3627 coriis
504 3554 653 3627 celerare
678 3554 767 3641 vias,
796 3554 881 3627 hinc
905 3555 1014 3654 longa
1040 3555 1162 3629 volatu

261 3722 431 3797 Troehlea
456 3722 557 3797 docta
582 3723 672 3798 ciere
697 3724 782 3798 rotis
807 3733 1011 3823 motumque
1036 3724 1210 3823 vieesque.

260 3893 434 3968 Staminis
460 3895 545 3968 hinc
570 3894 740 3969 densatur
765 3919 862 3994 epus,
889 3894 974 3968 dum
1001 3895 1139 3993 pectine
1164 3894 1287 3968 dentes
1318 3971 1322 3982 A
1389 3919 1426 3974 95

260 4063 468 4162 Expediunt
493 4065 584 4138 telas
610 4088 736 4139 arcano
761 4063 911 4172 pondere
936 4065 1042 4163 pulsi.

260 4233 359 4317 Quin
384 4232 491 4306 etiarn
518 4234 595 4332 ipsa
620 4243 739 4309 monet
765 4234 942 4332 sapienter
966 4234 1144 4335 hydraula
1169 4234 1225 4307 vel
1251 4232 1378 4306 humor
