3248 5290
652 405 874 518 4209-

412 750 415 756 -
501 723 1029 803 urrorsAMMArA
1171 823 1172 828 .

245 1011 262 1048 ⁸
310 1025 335 1092 I.
362 1019 490 1090 Mulier
515 1018 635 1091 fucata
662 1027 696 1090 et
722 1019 831 1115 pictor
883 1075 889 1088 .
1061 1077 1067 1090 .
1121 1077 1127 1091 .
1274 1069 1275 1072 =
1314 1081 1320 1094 .

161 1225 166 1232 -
261 1141 336 1244 ⁸II.
364 1171 548 1244 Helvetios
576 1179 611 1243 et
637 1171 764 1243 Gallus
826 1229 833 1242 .
1005 1228 1013 1243 .
1065 1230 1071 1243 .
1125 1231 1131 1244 .

275 1330 335 1399 III.
365 1329 502 1398 Natura
528 1335 564 1397 et
590 1325 720 1398 Gibber
764 1383 1131 1398 .......
1194 1319 1199 1330 ’

266 1483 327 1552 IV.
354 1479 502 1552 Femina
530 1487 565 1552 ot
590 1480 730 1576 peplum
757 1479 955 1551 amissum.
1009 1535 1014 1550 .
1068 1537 1075 1550 .
1129 1540 1134 1550 .

288 1635 329 1702 V.
358 1632 493 1704 Caecus
520 1641 555 1703 et
581 1655 669 1703 uxor
706 1688 1133 1702 ........

270 1788 330 1855 VI.
358 1785 496 1881 Sophus
523 1782 688 1854 deformis
715 1792 749 1854 et
776 1785 902 1855 Scurra
947 1840 953 1853 .
1007 1841 1013 1855 .
1067 1840 1073 1853 .
1128 1841 1134 1853 .

251 1939 329 2007 Vll.
358 1936 486 2008 Mulier
512 1947 546 2007 et
573 1936 671 2032 pueri
711 1992 1135 2006 ........

233 2091 332 2160 VIII.
360 2092 464 2161 Sutor
490 2098 524 2160 et
550 2093 783 2160 Astronornus
828 2144 1133 2159 ......

267 2243 329 2312 IX.
356 2241 523 2336 Agricola
552 2249 586 2311 et
612 2241 702 2312 later
772 2296 1137 2311 .......

281 2399 325 2468 X.
351 2399 466 2468 Herus
493 2406 527 2468 et
555 2421 677 2468 servus
711 2452 1136 2468 ........

263 2554 325 2622 XI.
351 2554 442 2622 Puer
468 2545 503 2622 et
528 2550 703 2648 Magister
771 2607 777 2619 .
831 2607 837 2619 .
1010 2605 1016 2618 .
1070 2605 1076 2618 .
1130 2605 1136 2618 .

241 2706 320 2776 XII.
347 2707 388 2775 In
414 2703 552 2776 cerebra
579 2701 790 2775 animalium
819 2709 1007 2799 sugentem
1070 2759 1076 2772 .
1130 2757 1136 2770 .

209 2821 216 2838 ἱ

62 2863 102 2928 ,ἰ
218 2862 316 2931 XIII.
344 2858 545 2930 Genuensis
572 2868 607 2928 et
634 2857 805 2930 Lucensis

81 3021 88 3048 ‘
223 3015 319 3083 XIV.
347 3010 483 3083 Soiolus
510 3019 546 3082 et
571 3033 656 3106 puer
708 3061 1134 3079 ........

240 3167 319 3236 XV.
346 3165 457 3234 Lurco
484 3172 519 3232 et
545 3161 655 3258 pestis
711 3212 1137 3231 ........

225 3319 321 3388 XVI.
348 3312 549 3386 Inurbanus
577 3323 612 3384 et
638 3314 790 3409 paenula
837 3364 1140 3383 ......

210 3470 323 3539 XVII.
351 3469 478 3539 Scurra
504 3476 538 3537 et
565 3465 700 3537 Currus
727 3463 891 3561 publicus
954 3519 960 3531 .
1014 3518 1020 3531 .
1074 3518 1081 3530 .
1135 3517 1141 3529 .
1205 3498 1208 3506 ·

189 3620 322 3690 XVIII.
350 3618 465 3690 Pictor
492 3616 677 3713 imperitus
715 3667 1140 3686 ........

228 3773 325 3843 ΧΙΧ.
353 3771 560 3867 Discipulos
586 3778 621 3842 et
646 3769 754 3842 iudex
782 3769 983 3841 Studiorum
1073 3823 1079 3836 .
1133 3820 1138 3833 .

244 3925 323 3996 XX.
352 3923 502 3996 Domina
528 3931 563 3994 et
589 3923 718 3995 ancilla
773 3979 778 3992 .
832 3981 837 3990 .
891 3975 897 3988 .
1010 3974 1016 3988 .
1070 3973 1076 3986 .
1134 3971 1140 3984 .

226 4079 323 4150 XXI.
352 4077 456 4150 Caeci
483 4085 518 4148 et
543 4074 640 4148 vafer

206 4234 321 4304 XXII.
349 4235 490 4304 Avarus
516 4239 551 4302 et
577 4230 634 4302 via
662 4229 771 4301 lor-roa
839 4283 844 4296 .
898 4279 1141 4295 .....

1268 1357 1288 1402 »
1378 1357 1398 1403 »

1272 1507 1291 1551 »
1355 1484 1426 1553 194

1270 1659 1289 1702 >>
1377 1659 1397 1704 >>

1270 1799 1302 1854 >>“
1377 1810 1397 1854 >>

1273 1962 1292 2007 >>
1333 1983 1334 1986 =
1357 1939 1427 2008 195

1272 3031 1292 3075 »
1383 3030 1402 3074 »

1273 3179 1293 3226 »
1360 3157 1430 3228 198

1278 3333 1297 3378 »
1387 3331 1407 3377 >>

1277 3485 1297 3528 >>
1363 3460 1432 3530 199

1277 3637 1297 3680 )>
1388 3639 1408 3683 >>

1275 3791 1296 3836 >>
1387 3791 1408 3837 >>

1279 3942 1299 3987 >>
1362 3920 1433 3992 290

1388 4095 1408 4139 >>

1281 4246 1301 4291 >>
1364 4223 1431 4295 201
1455 4188 1458 4196 =

1313 4389 1364 4442 27*
