3248 5290
775 509 999 579 —154-

379 705 544 809 Astilate
570 737 645 809 loca
671 734 793 808 fumus
819 734 912 809 obit:
940 759 1011 809 non
1036 737 1192 835 amplius
1218 738 1293 812 ulla

429 905 586 980 Membra
611 912 755 1004 patent,
782 929 922 1004 propere
949 905 1100 980 stridula
1126 907 1409 981 flammaverat.

329 1157 335 1166 p
381 1077 472 1148 Tum
498 1098 578 1148 vere
602 1073 743 1171 riguere
769 1098 905 1148 comae:
932 1083 1060 1149 tremor
1085 1075 1248 1150 horridus
1273 1086 1377 1150 artus

428 1245 593 1341 Occupat,
620 1265 728 1340 aegra
754 1251 852 1317 metu
878 1267 998 1318 corrue
1023 1252 1059 1317 et
1083 1245 1271 1319 exanimis.

377 1411 572 1487 Subtrahor
596 1412 690 1500 hinc,
717 1412 880 1512 interque
904 1438 1044 1502 manus,
1070 1414 1262 1488 miserante
1287 1425 1450 1506 caterva,

418 1584 476 1669 tUt
499 1583 695 1680 perhibent,
722 1583 793 1657 alie
818 1607 938 1682 sospes
963 1583 1009 1658 ab
1035 1584 1122 1684 igne
1147 1584 1247 1660 feror.

378 1752 510 1827 infelix
535 1753 689 1828 consiste
714 1752 827 1828 demi:
854 1777 946 1852 quae
971 1754 1086 1828 noctis
1111 1755 1151 1828 in
1175 1756 1301 1831 umbra

426 1923 622 2022 Indulgens
647 1924 818 2024 lacrymis
845 1925 967 2000 horreo
991 1935 1149 2000 monstra
1175 1926 1285 2024 vigil!

364 2053 597 2167 Ι111111111111
624 2117 807 2192 superesse
834 2093 988 2191 quidem,
1015 2093 1218 2168 miserabile
1244 2095 1338 2182 visu,

426 2263 508 2350 Vix,
525 2262 580 2337 bis
607 2287 694 2337 sena
719 2263 839 2338 ferunt
864 2289 1004 2363 corpora
1032 2264 1258 2339 seminecum.

344 2481 346 2492 ·
377 2436 460 2552 Hes
476 2410 617 2532 trepide
635 2432 780 2507 miseros
808 2458 972 2508 concurre
998 2433 1171 2508 invisere:
1200 2434 1338 2508 Elisam

423 2604 609 2677 Invenisse
634 2613 756 2678 tamen
782 2627 862 2702 spes
889 2603 1035 2702 inopina
1061 2603 1169 2676 subit.

375 2774 480 2846 Eheu
504 2799 594 2873 quas
621 2773 740 2860 facies,
767 2796 859 2872 quae
886 2797 987 2847 cerne
1015 2773 1193 2848 membra!
1222 2773 1283 2847 sed
1310 2799 1387 2847 una

424 2945 603 3042 Exoptata
629 2942 720 3014 mihi
745 2951 861 3040 gnata
885 2941 1025 3016 misella
1050 2942 1157 3016 deest.

376 3117 462 3213 Spes
487 3114 540 3187 ita
565 3112 729 3211 adempta
755 3113 864 3186 mihi:
892 3136 988 3199 sane,
1015 3112 1100 3186 data
1125 3113 1254 3211 praeda
1279 3115 1437 3202 Vesevo,

427 3283 571 3357 Crudeli
598 3283 709 3356 iacuit
735 3307 799 3356 nec
825 3282 946 3357 minus
972 3283 1036 3355 illa
1062 3306 1156 3356 nece.

377 3453 470 3526 Hinc
495 3479 620 3525 rursus
645 3476 724 3525 mea
752 3461 845 3526 tecta
869 3461 967 3551 pete:
996 3461 1082 3550 quot
1108 3453 1294 3550 questibus
1320 3452 1430 3527 aedes

426 3623 566 3721 Implee,
597 3630 682 3720 quet
708 3623 886 3721 lacrymae
911 3629 1045 3694 moesta
1070 3644 1134 3718 per,
1155 3645 1215 3694 era
1240 3619 1380 3694 fluunt!

381 3798 500 3891 Atque
525 3818 635 3866 manu
660 3815 806 3866 versans
831 3792 921 3878 vela,
947 3800 983 3864 et
1008 3816 1079 3865 non
1104 3792 1258 3889 amplius
1283 3791 1344 3865 olli

428 3965 529 4035 Serta
555 3961 755 4036 renidentes
782 3960 998 4059 implicitura
1024 3985 1151 4047 cemes

378 4134 554 4209 imbribus
580 4135 667 4208 haec
692 4133 830 4233 quoties
856 4131 958 4230 cupio
982 4131 1200 4206 monimenta
1226 4132 1355 4230 rigare,

430 4265 634 4401 Obtutuque
659 4303 784 4378 sedens
810 4302 945 4388 haereo,
971 4301 1101 4374 mentis
1128 4302 1238 4400 inops.
