3246 5314
653 465 849 533 -,19,..

240 701 331 770 Tum
356 692 501 768 tandem
527 693 665 766 variare
692 692 787 764 vices
813 698 850 763 et
877 713 1016 790 corpora
1042 713 1180 762 somno.
1253 741 1255 746 -

241 867 319 940 Sole
345 863 412 938 sub
438 861 586 948 ardenti,
613 860 745 934 tacitae
770 859 827 932 vel
853 857 966 931 noctis
992 857 1031 928 in
1056 856 1182 930 umbra

238 1035 352 1109 Missa
378 1035 496 1108 levare
521 1031 662 1107 cohors:
690 1030 764 1117 alii,
790 1030 892 1131 queis
917 1027 1035 1102 robore
1049 1027 1164 1113 uires,
1353 1057 1407 1112 315

238 1203 447 1290 Succedunt,
475 1201 619 1300 votique
643 1201 693 1274 rei
720 1201 841 1275 brevia
867 1200 985 1274 omnia
1011 1208 1047 1273 ct
1071 1226 1153 1272 aras

242 1375 414 1446 Lustrant
437 1397 509 1468 qua
534 1369 659 1443 datum
684 1369 761 1442 iter.
788 1369 906 1467 Caput
929 1369 988 1442 his
1014 1393 1075 1468 pro
1101 1377 1192 1472 sorte
1216 1369 1347 1468 pacisci

241 1547 405 1641 Aequum
430 1549 495 1627 est,
522 1549 558 1614 et
582 1539 764 1639 prohibere
789 1537 910 1630 nefas;
935 1564 1046 1636 quum
1072 1538 1162 1612 retia
1188 1539 1286 1612 saxis

238 1711 405 1788 Protinus
431 1709 611 1810 accipiunt
636 1709 675 1782 in
699 1707 984 1807 procurrentibus
1010 1707 1076 1781 alti
1187 1703 1193 1718 “

240 1879 388 1978 Urgeri3
416 1879 521 1953 erecti
547 1881 678 1977 plausu
703 1877 918 1975 fremituque
941 1886 1080 1951 morant
1125 1937 1133 1950 .
1353 1909 1406 1964 320

239 2049 391 2122 Aemula
418 2046 777 2120 successu-exultans
802 2053 890 2118 tunc
914 2044 1072 2143 undique
1096 2047 1206 2145 pubes

237 2215 478 2315 Aggreditur:
508 2215 661 2290 stridens
687 2216 759 2289 iam
784 2215 940 2291 volvitur
963 2225 1089 2314 ergata
1114 2217 1153 2290 in
1178 2218 1287 2305 orbes,

239 2385 515 2484 Expediuntque
540 2410 669 2458 manus
696 2394 838 2472 nautae,
864 2384 1037 2484 funesque
1063 2387 1271 2461 ministrant

241 2556 308 2652 Spe
332 2553 488 2653 propiore
513 2553 612 2628 lucri.
640 2553 769 2628 Mediis
794 2554 865 2627 heu
891 2554 970 2626 visa
995 2554 1160 2628 secundis

237 2725 356 2802 Rebus
383 2749 458 2799 sors
485 2725 603 2813 fluere,
632 2726 813 2823 incoeptae
837 2734 872 2799 et
896 2725 1025 2799 fiducia
1051 2726 1209 2825 praedae.
1350 2755 1402 2810 325

239 2892 359 2966 Sensit
384 2893 479 2964 enim
506 2893 677 2966 frustrata
704 2918 832 2967 manus
860 2893 930 2967 iarn
958 2895 1089 2969 murice
1115 2907 1218 2969 acuto
1294 2978 1297 2988 ¹

239 3061 399 3134 Obnixas
424 3062 584 3136 haesisse
609 3062 738 3148 trabea,
768 3063 945 3160 scopulive
970 3065 1125 3138 latebris.

238 3229 332 3314 Quid
360 3229 522 3304 faciant?
547 3257 619 3328 qua
645 3231 681 3304 vi
708 3232 807 3305 saxis
833 3233 928 3305 illisa
955 3233 1100 3307 vadisve

237 3400 402 3498 Eripiant
426 3400 576 3476 miseri?
601 3401 775 3474 intactum
801 3401 854 3474 nil
879 3411 963 3475 ante
988 3403 1157 3480 iuventus

238 3589 336 3660 Dura
361 3586 436 3685 pati
460 3587 611 3685 linquit:
639 3587 765 3673 crebro,
792 3598 981 3686 praeeunte
1005 3593 1137 3679 carina,
1349 3627 1402 3681 330

232 3759 333 3868 *Ante
356 3753 487 3827 rudens
513 3754 643 3828 iacitur
667 3754 874 3853 rapiturque
898 3757 969 3830 huc
994 3759 1170 3856 pendulus
1196 3763 1291 3850 illuc,

234 3924 341 3996 Retia
368 3879 399 3996 si
425 3923 526 3998 modo
550 3949 728 4021 quassans
754 3924 926 3998 extricare
952 3931 1112 4002 cavernis

234 4095 373 4165 Dextra
398 4100 515 4190 queat,
541 4117 660 4189 quam,
686 4116 778 4188 quac
804 4093 871 4166 rite
895 4096 1113 4192 experientia
1138 4102 1236 4198 ponti

233 4260 370 4334 Nautis
396 4287 493 4333 arma
519 4258 625 4345 dedit,
655 4269 824 4357 suetaque
850 4261 911 4333 diu
938 4266 1079 4338 extudit
1104 4280 1189 4356 arte,
