3246 5314
687 437 863 503 -5„,

263 670 304 738 ln
329 665 455 738 faciem
482 665 559 736 visa
586 672 786 748 estunam,
812 659 1005 760 propagine
1031 658 1131 730 dives

261 833 435 905 Miratura
463 859 558 918 suas,
586 831 696 904 ramis
724 829 897 915 felicibus,
925 829 1079 902 umbras.

262 1004 402 1077 Scilicet
429 1028 448 1076 e
473 1003 565 1076 iacto
590 1002 699 1100 piscis
726 1000 798 1075 fors
826 995 960 1072 seinine
987 1002 1153 1094 (namque

263 1173 418 1271 Polypus
444 1171 629 1246 obstrusas
654 1171 762 1243 cellas
787 1193 848 1267 per
875 1177 974 1265 septa
1001 1165 1138 1263 reponit
1397 1189 1432 1244 30

262 1343 403 1429 Coralii
431 1351 466 1415 et
491 1342 613 1439 gentis
640 1365 737 1439 spem
763 1339 880 1414 foetus
907 1338 1034 1412 educat
1058 1337 1182 1430 almos)
1208 1425 1211 1432 ι
1237 1399 1238 1404 ,

262 1514 396 1587 Cornea
421 1513 603 1611 principio,
630 1511 777 1585 latebris
803 1510 964 1607 virgulta
993 1509 1059 1583 sub
1085 1509 1151 1580 alti

259 1682 380 1754 Firma
407 1682 476 1755 sibi
502 1693 639 1779 ponunt
665 1682 809 1780 penitus
835 1680 1066 1773 fundamina3
1093 1680 1216 1754 molles

259 1857 344 1928 Mox
370 1855 511 1946 tunicas
537 1855 668 1928 circum
694 1853 915 1940 distendunt,
943 1854 1081 1928 corticis
1107 1854 1232 1937 instar,

259 2023 358 2096 Pube
384 2048 493 2115 nova3
519 2023 621 2120 queis
648 2023 822 2128 puniceus
847 2023 1053 2120 plerumque
1078 2021 1222 2094 colorem
1393 2046 1428 2099 35

259 2192 421 2278 Subiicit‚
448 2201 555 2290 atque
581 2193 708 2266 humor
733 2192 870 2291 placide
896 2217 956 2290 per
980 2191 1136 2265 membra
1163 2189 1320 2262 recurrit.

260 2361 428 2458 Exiguae
453 2362 604 2434 mentita
630 2361 712 2434 dein
738 2361 927 2459 primordia
953 2363 1048 2434 vitae

259 2532 290 2600 Ε
317 2503 468 2628 scopulis
496 2541 601 2628 caput
628 2531 729 2605 arbor
754 2556 867 2629 agens
896 2531 1059 2605 inolescit
1084 2532 1293 2604 honestum:

259 2699 463 2772 Luxuriant
491 2725 656 2800 persaepe
681 2702 752 2774 levi
781 2703 949 2777 sudantia
975 2703 1064 2777 libro

260 2866 432 2959 Brachia3
461 2879 495 2942 et
522 2870 602 2943 alba
629 2871 742 2958 sinus,
769 2872 967 2970 faciemque
992 2873 1176 2947 simillima
1202 2872 1289 2957 flori,
1394 2897 1428 2948 40

261 3036 409 3108 Gemma
434 3039 580 3112 maritat
605 3040 712 3114 hians
738 3043 907 3142 lacrymis
934 3052 1013 3141 post
1039 3050 1141 3140 terga
1167 3041 1309 3115 volutis.

245 3206 403 3312 'Arboris
430 3208 516 3282 haec
542 3235 633 3283 nova
660 3209 867 3309 iampridem
893 3221 1054 3310 portenta
1081 3221 1246 3285 vocantes

260 3379 377 3471 (Ridet
402 3381 497 3453 enim
523 3406 587 3454 eeu
613 3382 711 3454 mille
736 3387 865 3479 gerens
891 3380 1029 3454 radiata
1058 3383 1124 3456 sub
1149 3381 1257 3454 undis

261 3550 341 3642 Ora)
368 3551 482 3624 maris
508 3551 608 3623 Graii
628 3553 808 3650 priscillam
833 3551 947 3623 dicere
972 3550 1142 3648 gaudent.

543 3796 639 3802 ——-—
642 3789 1428 3803 Q—-m———n-——fflh-

150 3940 187 3980 V.
203 3935 294 3979 40-41.
311 3935 376 3979 Sunt
391 3939 451 3980 haec
467 3938 618 3992 Polyporum
629 3940 788 3992 corpuscula,
803 3950 868 3992 quae
883 3940 963 3992 vulgo
978 3939 1072 3983 Coralii
1087 3940 1127 3982 iac
1138 3940 1309 3983 existimatur.
1326 3940 1423 3983 Horum

85 4010 188 4064 specie
204 4007 333 4060 deceptus
350 4008 376 4050 D.
391 4008 508 4063 Marsigii
527 4020 566 4051 an.
582 4010 701 4054 MDCCHI
715 4010 790 4053 Plinii
805 4012 831 4053 et
849 4010 1001 4053 Dioscoridis
1017 4009 1171 4063 sententiam
1186 4013 1292 4053 conatus
1306 4012 1348 4051 est
1362 4020 1426 4052 con-

84 4081 214 4123 firmare.

149 4159 186 4200 V.
203 4155 240 4198 44.
261 4155 430 4198 communius
445 4159 548 4211 etymon
566 4157 657 4201 habere
671 4156 768 4201 dicitur
784 4169 799 4200 a
814 4160 885 4222 κουρά
904 4157 925 4204 ἐν
943 4157 990 4216 ἁλὶ,
1005 4159 1071 4211 quod
1090 4158 1116 4200 in
1131 4159 1195 4200 mari
1210 4159 1353 4202 tondeatur.
1372 4159 1421 4202 Nos

82 4249 167 4294 aliud
186 4246 275 4296 iuvat,
291 4252 382 4297 nempe
397 4246 459 4308 κόρη,
479 4246 604 4304 (pupilla)
618 4247 711 4301 quippe
725 4248 791 4302 quoi
806 4247 898 4289 meiius
912 4246 949 4290 rei
963 4246 1076 4300 pretium
1090 4256 1149 4302 prae
1163 4257 1190 4290 se
1204 4246 1278 4289 ferat.
