3236 5306
391 945 713 1074 ruureuu'
738 977 1052 1072 MAXIMUM

606 1249 836 1305 FLOllENTlAll

670 1464 768 1474 ...u-

256 1888 330 1960 Nec
356 1895 401 1972 te,
428 1911 497 1983 quo
523 1885 647 1958 merito
673 1886 850 1958 Florentia
879 1886 973 1958 clara
1002 1887 1169 1984 superbit,

201 2056 435 2130 Praeteriisse
460 2055 576 2128 decet:
605 2066 640 2128 te
667 2082 804 2128 sacrum
832 2055 977 2152 Virgini
1005 2056 1163 2129 hetrusci

208 2230 297 2298 Arte
322 2248 423 2322 pares
449 2223 551 2299 ambo
576 2223 711 2296 dudum
738 2249 893 2323 posuere.
921 2224 1057 2299 Licebit

208 2393 330 2466 Maius
355 2418 443 2492 opus
469 2403 626 2492 spectare
652 2394 750 2480 ulibi,
770 2365 847 2468 'non
876 2396 1060 2493 pulchrius
1087 2420 1255 2492 unquam.

201 2566 418 2637 Marmoreae
443 2565 515 2639 lato
541 2573 750 2638 sternuntur
775 2565 889 2638 limite
915 2567 1033 2650 moles,

203 2733 374 2808 Ambitus
400 2734 494 2808 uude
519 2744 626 2833 petet.
652 2735 796 2808 Brcvior
822 2760 914 2833 pars
941 2733 1086 2809 brachia
1112 2733 1282 2833 pandens,

203 2904 345 2978 Vertice
372 2905 517 2978 sublimi
543 2914 650 3003 caput
676 2906 768 2979 inter
793 2905 918 2979 nubila
944 2905 1048 2979 tollit.

206 3076 305 3159 Quae
332 3077 464 3173 species
491 3100 703 3174 operumque
729 3079 860 3148 venus!
888 3101 995 3173 quam
1021 3075 1150 3150 frontis
1176 3076 1289 3148 amice

207 3245 382 3318 Marmora
408 3245 621 3342 conspirant,
648 3245 779 3318 crustis
806 3243 1047 3318 discordibus!
1075 3248 1155 3319 Una

210 3414 372 3489 Candida
399 3417 572 3491 collucent
597 3440 689 3514 quac
715 3416 845 3489 Carrea
872 3416 1025 3514 plurima
1051 3415 1161 3501 misit,

205 3587 372 3686 Quaeque
399 3587 475 3660 suis
502 3596 576 3659 tam
603 3585 703 3702 dives
728 3611 834 3685 opum
861 3586 1042 3659 Florentia
1068 3586 1168 3658 venis

199 3760 318 3846 Eruit,
344 3759 488 3835 obscure
515 3760 621 3833 viridi
647 3760 785 3834 suffusa
812 3752 947 3849 colore3'

204 3932 278 4003 Ncc
303 3955 374 4005 non
399 3955 490 4028 quae
517 3929 704 4029 splendent
730 3931 838 4030 Tyrio
866 3931 1046 4003 maculosa
1073 3951 1215 4001 veneno.

205 4106 292 4175 Arte
317 4071 435 4174 nitent
460 4111 596 4199 postes:
625 4101 775 4174 summis
802 4102 840 4173 in
866 4099 1037 4199 postibus
1064 4098 1139 4196 ipse

206 4276 338 4347 Forsan
366 4300 432 4347 acu
461 4275 576 4346 volum
604 4299 674 4347 uon
700 4281 773 4346 tam
804 4271 974 4346 mirabere
999 4271 1056 4368 ¹pic
1075 4297 1146 4356 um,

1268 4422 1300 4475 ll)
