3236 5306
812 498 1009 568 „90-

406 725 592 824 Exiguum
619 747 705 798 sane
730 748 928 810 numerum,
954 723 1155 796 vilissimus
1181 725 1259 797 auri

407 894 573 969 Adcierat
599 917 669 968 non
694 892 808 967 dulcis
833 917 930 967 amor
955 892 1159 991 patriaeque
1184 892 1341 980 (10001110,

407 1063 564 1138 Sustulit
589 1087 608 1135 e
633 1062 747 1136 medio
771 1062 921 1160 populus
948 1085 1160 1159 congressus
1186 1060 1231 1134 ad
1256 1087 1380 1135 urnas.

408 1239 597 1316 Accessere
623 1231 705 1306 boni
733 1230 897 1304 tandem:
925 1239 982 1304 ast
1008 1255 1078 1305 non
1103 1255 1177 1303 una
1202 1230 1355 1329 proiecto

404 1408 471 1480 Tot
495 1429 577 1502 pars
603 1401 771 1476 incolumi
797 1401 912 1499 capiet
936 1400 1117 1497 gravitate
1142 1408 1318 1498 patronos.

404 1575 510 1656 Nunc
535 1597 619 1671 ergo
644 1571 797 1670 primum
824 1579 944 1644 coetus
971 1569 1150 1644 sociabilis
1177 1570 1270 1642 ultro

411 1743 534 1842 Eligat
557 1744 629 1816 huc
655 1742 741 1816 illuc
765 1742 864 1816 nullo
890 1741 1095 1816 discrimine
1122 1729 1233 1814 sedes'.

407 1917 462 1996 Tu
489 1937 569 1987 vero
596 1938 820 2020 quacumque
845 1913 934 1986 velis
961 1912 1153 2016 consistere
1178 1920 1286 2009 parto,

351 2191 355 2199 Ι
404 2086 556 2173 Cornua,
583 2084 615 2159 si
642 2085 750 2184 00010,
776 2085 882 2170 evita,
910 2083 1135 2181 mediumque
1162 2082 1271 2162 sedile

406 2253 552 2352 Delige:
580 2253 729 2336 nobilior
753 2255 851 2328 locus
877 2243 946 2340 hic,
972 2248 1166 2353 cupiasque
1193 2254 1315 2341 videri,

403 2426 453 2506 Ut
477 2423 585 2510 decet,
613 2424 758 2497 heroum
784 2449 974 2523 paucorum
1001 2424 1163 2522 protinus
1191 2448 1296 2497 unus.

404 2592 498 2665 Hinc
523 2591 593 2666 0110
617 2616 770 2690 0100010,
801 2593 832 2666 01
858 2592 999 2691 quando
1025 2591 1152 2666 sedilia
1179 2617 1302 2691 caprae

404 2758 527 2858 Spissa
553 2767 715 2858 premant
740 2758 864 2840 olidae.
891 2760 1025 2845 Quouis
1052 2759 1124 2839 iam
1150 2769 1253 2834 tutus
1280 2759 1409 2847 adibis,

404 2933 568 3030 Namque
593 2930 670 3030 pari
696 2929 888 3006 adiunctus
914 2957 977 3029 par
1002 2956 1097 3004 nunc
1123 2930 1300 3030 conspirat
1325 2931 1467 3025 amice3

406 3099 505 3184 Quod
531 3097 602 3172 fuit
628 3099 666 3171 in
692 3099 794 3174 votis.
822 3100 895 3174 Hos
921 3099 1024 3186 inter,
1051 3096 1194 3186 Quinte,
1222 3099 1359 3173 sodales

404 3273 551 3354 Munere
577 3277 703 3352 1110010·
717 3293 824 3344 novo:
852 3269 972 3367 populi
1000 3293 1100 3342 sacra
1126 3265 1205 3342 iura
1231 3265 1349 3342 tuenti

406 3445 487 3517 Non
511 3439 578 3522 tibi
604 3443 661 3541 pol
687 3437 811 3528 deeris
837 3439 1003 3540 quamvis
1031 3436 1085 3512 nil
1109 3465 1219 3539 paene
1245 3440 1380 3539 peritus

407 3607 502 3696 Iuris
528 3613 631 3687 ades:
658 3613 864 3713 plerumque
890 3613 984 3686 vices
1010 3610 1178 3685 facundia
1205 3613 1355 3711 supplet.

408 3792 503 3871 Ante
529 3784 648 3868 tamen
673 3812 781 3886 quam
807 3786 877 3866 imo
902 3810 1046 3884 rumpas
1072 3808 1092 3858 0
1117 3793 1253 3884 0001010
1278 3804 1391 3872 voces,

406 3960 547 4060 Inclyta
572 3966 607 4036 10
633 3959 735 4034 iubeo
761 3967 918 4040 veterum
946 3955 1161 4056 exemplaria
1186 3965 1331 4029 cantum

406 4129 608 4228 Respicere3
635 4128 807 4228 ignosces.
835 4128 964 4210 Aliena
991 4151 1073 4203 voce
1098 4127 1252 4202 disertus

409 4297 586 4397 Fingeris,
613 4323 676 4372 nec
701 4325 771 4373 non
796 4296 911 4374 disces
936 4297 1024 4375 bene
1049 4297 1191 4370 reddero
1218 4298 1332 4372 verba.
