3246 5314
391 671 648 768 obstupescent
666 666 817 766 proferto
844 674 986 764 nepotes
1008 629 1131 750 nostri,
1158 689 1268 763 quum
1286 657 1422 763 legent

292 842 445 918 absurda
471 841 557 914 haec
576 867 596 912 a
621 837 800 938 gregariis
818 836 948 910 aetatis
967 844 1108 908 nostrae
1129 834 1328 908 doctoribus
1355 843 1409 907 te'-

292 1040 385 1088 mere
403 1013 553 1088 effutita.
572 1010 639 1084 Sed
658 1019 840 1083 ventosam
857 1007 986 1080 talium
1003 1016 1265 1122 praeceptorum
1283 1009 1408 1106 loqua-

293 1188 436 1259 citatem
462 1183 555 1256 nihil
581 1147 737 1255 moratur
766 1179 971 1262 Moirnnus,
997 1177 1060 1276 qui
1086 1178 1199 1277 prima
1225 1177 1405 1251 doctrinae

294 1357 494 1432 rudimenta
513 1354 580 1427 sub
591 1351 776 1450 magistris
788 1350 884 1423 haud
895 1349 1117 1448 poenitendis
1127 1350 1256 1448 posuit,
1275 1311 1408 1449 ouique

292 1529 423 1601 multos
449 1527 521 1598 iam
548 1548 659 1596 annos
685 1523 723 1594 iu
748 1525 983 1596 Romanorum
1002 1520 1141 1594 litteras
1167 1521 1224 1593 ita
1242 1545 1280 1594 se
1306 1521 1407 1594 abdi-

292 1699 355 1784 dit,
383 1704 424 1767 ut
449 1694 494 1767 ad
520 1718 690 1790 magnam
716 1691 926 1764 eruditionis
952 1690 1086 1763 famam
1111 1690 1318 1788 perveniret.

391 1865 609 1939 Politissima
636 1864 745 1938 huius
771 1863 940 1937 Carmina
966 1863 1025 1934 hie
1043 1863 1153 1936 habes
1178 1862 1405 1952 didascalica,

295 2036 462 2136 satyrica,
480 2035 630 2109 heroica.
648 2036 743 2107 Haeo
762 2034 1030 2131 subsequuntur
1047 2035 1206 2131 elegiaca
1224 2044 1259 2108 et
1277 2036 1406 2136 lyrica3

293 2217 466 2307 postremo
502 2206 673 2280 accedunt
708 2206 978 2306 epigrammata.
1014 2207 1055 2276 ln
1093 2206 1227 2305 satyris
1262 2207 1405 2304 quidem

292 2377 491 2477 plautinam
517 2400 605 2474 pene
630 2375 792 2461 dixerim,
819 2374 954 2471 dialogi
981 2373 1216 2448 festivitatem
1243 2378 1405 2470 notabis,

294 2547 332 2617 in
357 2545 526 2644 elegiacis
552 2544 758 2642 praesertim
772 2524 820 2617 ¹et
845 2544 970 2643 lyricis
997 2543 1146 2618 affectus
1177 2547 1293 2620 varios
1318 2573 1405 2646 gra-

294 2716 396 2815 phice
421 2739 624 2814 expressos3
657 2715 695 2786 in
722 2714 991 2811 epigrammatis
1021 2717 1246 2814 ‹rplurt'mem
1263 2719 1353 2793 selis
1370 2731 1405 2795 et

278 2888 400 2986 sellis,
437 2911 500 2959 nee
528 2886 876 2994 minusfeeudoris»
914 2884 1084 2957 invenies.
1121 2889 1163 2956 In
1198 2886 1406 2962 universum

294 3055 500 3130 aestimanti
525 3054 625 3128 dives
651 3054 789 3151 ingenii
826 3079 916 3127 vena
942 3055 980 3126 in
1015 3065 1116 3152 poeta
1144 3066 1266 3168 nostro·
1287 3083 1406 3132 occur-

294 3227 351 3312 rit,
378 3227 535 3311 nativuS,
563 3250 632 3299 non
657 3223 816 3299 adscitus
845 3225 1014 3300 orationis
1041 3228 1140 3312 color,
1168 3237 1203 3299 et
1229 3229 1406 3326 profluens

294 3394 467 3492 quaedam
494 3394 533 3465 in
569 3394 750 3469 scribendo
776 3394 948 3480 celeritas,
975 3421 1084 3497 quum
1112 3420 1168 3469 res
1195 3384 1315 3484 norae,
1345 3409 1409 3472 aut

295 3564 472 3638 veteribus
491 3565 654 3651 indictae,
674 3551 785 3638 latine
804 3576 889 3638 suut
907 3567 1173 3663 significandae.
1192 3573 1264 3642 Hor
1277 3553 1426 3657 autem,

294 3758 372 3804 mea
402 3733 544 3830 quidem
572 3733 759 3818 sententia,
786 3733 941 3806 maxime
972 3734 1173 3809 laudandus
1200 3747 1254 3810 est
1281 3747 1408 3824 noster,

294 3900 386 3998 quod
411 3926 481 3973 non
508 3901 666 3997 integros
694 3927 827 3988 versus
852 3928 922 3976 non
947 3905 1103 3994 ἡμιστίχια
1129 3873 1408 4004 asuperioribus

296 4069 408 4169 poetis
434 4070 588 4168 improbo
610 4071 725 4144 labore
750 4082 785 4145 et
803 4073 977 4145 serviliter
1004 4084 1201 4162 mutuatus,
1228 4086 1330 4174 aptas
1349 4102 1410 4151 vo-

296 4264 352 4313 ees
382 4250 418 4313 et
443 4241 636 4314 locutiones
662 4266 706 4315 ex
733 4267 825 4339 penu
857 4267 921 4316 suo
958 4243 1009 4316 sie
1035 4244 1216 4342 depromit,
1247 4255 1287 4318 ut
1314 4272 1402 4318 suus

205 4409 214 4420 '‘
256 4446 259 4453 ·
297 4410 426 4507 ubique
454 4411 625 4530 videatur.
