3236 5306
21 4189 26 4300 ›

22 4371 28 4568 t

602 453 819 521 -lutffl

190 682 390 780 Extemplo
412 679 572 755 abscedit
597 681 732 770 laetus;
759 679 819 772 sed
847 689 983 752 caetera
1011 689 1192 778 promptus

193 835 308 924 Ferre
333 852 426 925 ultro
450 869 692 948 quaecumque
717 849 844 955 Virum
868 817 1103 946 reprobaverit
1127 874 1269 949 agmen,

193 1020 272 1093 Vel
297 1043 388 1093 nova
414 1019 606 1118 protulerit.
632 1021 784 1091 Pateant
808 1016 918 1104 meda,
945 1018 1052 1116 signa
1077 1018 1219 1092 tabellis

195 1189 387 1288 Imprimet
411 1189 583 1276 iniussus,
609 1211 831 1286 quacumque
856 1187 1051 1261 morabitur
1074 1188 1171 1262 urbe.

195 1359 397 1433 Absentem
422 1359 603 1457 querimur
627 1382 830 1456 nunquam;
857 1356 889 1430 si
914 1356 1003 1431 forte
1028 1357 1197 1456 remigret

195 1532 278 1606 Nos
304 1555 420 1630 penae,
446 1530 588 1605 omnino
611 1529 772 1603 reducem
798 1551 861 1601 nee
886 1528 1060 1601 novimus.
1086 1530 1199 1627 Atqui

198 1701 276 1785 Qui
302 1724 412 1799 regno
435 1700 622 1799 imperitet
651 1699 794 1772 ecimus.
822 1701 1015 1773 Testantur
1039 1701 1197 1786 bonores⁹

200 1851 316 1935 Queis
341 1853 512 1950 Equitum
538 1852 647 1925 erevit
674 1873 759 1924 sane
786 1850 1016 1924 numerabilis
1042 1852 1133 1938 orde,

198 2019 304 2094 Vilia
328 2043 373 2094 ne
398 2022 487 2094 fiant
511 2020 710 2095 communia
735 2021 890 2119 praemia
915 2021 1043 2119 vulgo:

199 2192 397 2264 Testantur
418 2190 630 2290 quandoque
655 2190 772 2289 dapes,
799 2216 950 2288 quarum
975 2191 1094 2264 omnia
1119 2190 1253 2288 passim

198 2359 357 2432 Nomina
382 2360 578 2458 vulgantur
604 2319 721 2434 subito
746 2383 806 2458 per
830 2359 1000 2458 compita:
1026 2382 1201 2458 quaenam

198 2529 250 2599 Et
274 2529 412 2626 quoties
436 2529 574 2604 animos
600 2529 790 2602 reerearint
815 2529 914 2602 vina:
941 2527 1089 2627 dapisne

203 2699 331 2770 Ostrea
359 2699 590 2796 principium:
616 2689 770 2772 fueritne
794 2699 985 2797 acipenser,
1012 2722 1158 2798 aperne:

200 2867 439 2951 Quoivitulae
465 2867 595 2942 fartae:
623 2893 798 2967 quaenam
825 2894 915 2943 nova
939 2879 1076 2943 crusta:
1109 2878 1283 2944 natansne

200 3039 408 3134 Asparagos
433 3037 526 3111 inter
551 3038 675 3137 perdix
700 3040 911 3138 gratissima
937 3041 1073 3115 Gallie:

200 3208 363 3292 Quonam
389 3218 565 3307 praeterea
591 3211 811 3284 stomachum
836 3212 1034 3309 pervellerit
1060 3213 1131 3286 acri

202 3379 285 3451 Iure
309 3380 412 3477 gelu:
440 3406 487 3452 an
512 3382 646 3454 Batavo
671 3379 779 3452 fuerit
804 3381 919 3454 rituve
944 3327 1116 3456 Britanno

200 3549 332 3622 Lactea
358 3574 483 3647 spuma
508 3549 655 3624 dehinc:
677 3577 730 3623 an
756 3575 846 3648 quae
872 3551 1086 3624 suavissima
1111 3575 1225 3623 rerum

202 3715 423 3816 Parthenope
447 3717 564 3806 donat,
592 3719 681 3793 facie
707 3721 852 3818 signata
878 3720 1038 3808 rotunda,

203 3887 411 3962 Sorbuerint
435 3898 594 3963 concreta
619 3890 706 3988 gelu
731 3900 810 3989 post
833 3915 935 3989 poma
964 3889 1112 3964 sodales.

202 4060 279 4132 Ista
304 4066 423 4133 tamen
448 4058 637 4136 dumtaxat
662 4058 706 4132 ad
732 4060 796 4135 hee
821 4059 971 4159 proferre
997 4059 1167 4145 laborant,

206 4235 256 4306 Ut
282 4240 402 4328 pateat
427 4242 544 4307 nostro
568 4258 722 4331 quanam
749 4233 884 4306 ratione
909 4231 1022 4307 decori
