3236 5306
803 473 1000 544 ..70-

391 705 556 780 Pmtinus
583 725 741 776 accurre:
771 701 920 799 supplex
947 699 1127 772 admittier
1151 723 1218 784 oro,

392 874 635 972 Indignaeque
659 894 776 980 morae
801 871 926 968 longos
953 869 1065 942 vitare
1090 867 1236 942 labores.

394 1041 551 1139 Exiguis
578 1039 638 1114 sed
667 1039 762 1112 enim
789 1036 936 1111 clathris
962 1037 1103 1110 munita
1127 1036 1293 1122 fenestra,

392 1212 471 1296 Qua
496 1209 602 1283 datur
627 1232 646 1281 e
671 1208 782 1306 pretio
807 1207 964 1306 possenti
989 1205 1163 1292 chartula,
1185 1204 1318 1304 raptim

390 1379 550 1468 Obditur,
576 1403 620 1454 ex
645 1378 767 1479 adytis
792 1403 903 1476 quum
930 1400 999 1451 vox
1025 1376 1113 1450 haee
1137 1375 1249 1450 fertur
1274 1373 1319 1447 ad
1344 1396 1457 1448 aures:
1504 1398 1531 1450 15

393 1553 549 1649 «Longa
573 1547 747 1623 trahenda
772 1572 868 1623 mora
894 1555 959 1634 est,
985 1545 1102 1620 media
1126 1544 1212 1619 dum
1237 1537 1338 1643 parte
1362 1542 1428 1615 diei
1591 1499 1592 1518 i

392 1719 597 1805 Praeterita,
624 1718 747 1791 veniat
773 1716 882 1791 inoles
907 1716 1088 1814 compulsa
1113 1739 1238 1813 vapore
1305 1663 1308 1670 i

395 1889 561 1962 Altera».
588 1886 682 1973 Quid
708 1886 867 1960 faciam?
892 1909 929 1958 se
956 1885 1090 1958 seiam
1117 1885 1228 1983 stipat
1252 1885 1384 1983 apertis

392 2056 510 2131 Turba
535 2057 712 2131 viatorum
740 2054 875 2129 foribus
901 2052 1078 2128 discedere
1103 2055 1213 2128 iussa.
1592 2013 1593 2022 i

395 2228 500 2324 Ergo,
528 2249 624 2300 aeres
649 2226 742 2298 inter
765 2225 931 2323 quamvis
956 2224 1197 2298 numerandus
1222 2234 1258 2299 et
1285 2250 1371 2324 rpse,
1510 2245 1536 2298 m

394 2395 585 2470 Auriculas
609 2365 776 2470 demitto:¹
806 2405 934 2494 gravet
959 2396 1037 2470 sino
1061 2397 1210 2496 pondere
1235 2398 1374 2472 lumbos
1593 2347 1594 2372 i

394 2565 561 2652 Mantica‚
588 2590 659 2640 non
684 2567 792 2644 semel
817 2565 967 2640 effrenae
991 2566 1149 2640 convicia
1174 2567 1323 2664 linguae

394 2737 506 2807 Saeva
532 2733 641 2807 minis
667 2732 811 2821 addens,
836 2739 983 2832 puerum
1010 2734 1048 2807 ni
1076 2733 1164 2808 forte
1188 2744 1331 2808 caterva

390 2903 568 2977 Abscedat
592 2905 767 3002 petulans.
793 2905 870 2990 Quo
895 2927 951 2978 me
976 2902 1101 2978 sudore
1126 2903 1330 2978 madentem

394 3072 605 3196 Ducitoiten
631 3098 726 3147 nunc
752 3074 840 3148 sista
866 3074 976 3146 vicem
1002 3073 1193 3148 miseratus
1218 3073 1390 3172 iniquam,
1512 3099 1538 3151 rt

396 3241 501 3314 Nune
527 3243 646 3315 aulam
673 3242 769 3316 solus
796 3267 945 3316 vacuam
972 3241 1215 3316 stomachosus
1239 3242 1368 3316 oberro.

330 3466 337 3480 .
389 3410 539 3485 Labitur
563 3411 698 3484 interea
724 3421 875 3510 tempus,
901 3411 1116 3509 comitesque
1142 3412 1255 3486 futuri
1330 3388 1335 3398 ¹

394 3562 596 3654 Adventare
621 3581 763 3655 domum
789 3581 966 3680 incipiunt
992 3581 1055 3654 vix
1081 3607 1176 3656 unus
1201 3593 1237 3657 et
1262 3585 1362 3658 alter.

393 3748 558 3823 Pastillos
583 3750 779 3848 longaevus
804 3748 886 3836 edit,
913 3749 999 3822 dum
1025 3749 1166 3848 impexa
1191 3760 1352 3824 movetur

392 3917 508 3992 Barba
533 3943 652 4004 manu,
679 3919 812 3993 incedit
837 3920 977 3998 iuvenis
1004 3929 1061 3992 sat
1085 3920 1203 3995 factus
1230 3921 1275 3994 ad
1302 3948 1469 4021 unguem.
1511 3943 1539 4000 30

392 4089 510 4160 Pauca
535 4088 629 4161 inter
654 4113 691 4162 se
716 4091 822 4165 verba
847 4100 990 4183 serunt;
1017 4100 1206 4190 utrumque
1231 4094 1460 4170 Brittannum

393 4254 504 4328 Sibila
530 4256 772 4333 demonstrant
799 4261 962 4334 infractis
988 4262 1131 4338 vocibus
1160 4291 1228 4336 ura.
