3248 5290
775 431 995 502 -158-

380 662 484 736 Disce
509 685 629 738 recens
655 661 799 748 soboles,
827 671 961 737 veteres
986 665 1097 740 oblita
1122 677 1296 765 parentes,

426 834 504 919 Qua
531 832 601 907 sibi
627 833 729 906 miles
755 856 854 932 opem
880 841 1047 908 strenuus
1073 844 1148 910 arte
1177 846 1286 935 paret.

375 1005 601 1080 Barbaricam
627 1028 718 1103 quae
743 1029 824 1079 mox
851 1005 994 1093 rabiem,
1022 1006 1265 1106 instantisque
1290 1011 1446 1110 tyranni

422 1167 579 1249 Proteret
604 1175 796 1248 immanem
825 1199 932 1249 saeva
956 1200 1018 1276 per
1044 1159 1143 1251 arma
1167 1202 1326 1277 gregem,

373 1344 565 1444 Procubuit
591 1345 752 1444 supplex,
778 1344 932 1419 demisso
957 1355 993 1418 et
1018 1346 1148 1420 vertice
1173 1347 1219 1420 ad
1245 1372 1358 1436 aram,

421 1515 539 1588 Multa
564 1537 719 1601 movens,
746 1514 839 1589 acies
866 1538 904 1588 se
928 1523 1033 1612 vovet
1057 1524 1141 1588 ante
1167 1515 1283 1592 Cruci.

369 1687 500 1764 Rumor
517 1686 567 1760 it:
595 1685 717 1762 Hostis
744 1686 854 1773 adest,
881 1686 968 1762 socii
995 1669 1100 1761 Cruci
1127 1686 1257 1762 adeste.
1285 1691 1450 1787 Repente

418 1854 665 1954 Quadriiugos
691 1856 804 1930 fertur
829 1856 964 1933 Currus
991 1856 1030 1928 in
1055 1881 1141 1929 arva
1166 1881 1324 1955 gemens.

370 1981 456 2098 Tela
482 2027 623 2142 volant:
651 2026 735 2101 socii
762 2013 893 2100 circum
920 2051 980 2124 pro
1005 2026 1164 2100 turribus
1190 2025 1347 2114 adstant,

416 2199 560 2296 Ictaque
586 2197 758 2272 fulminea
785 2195 931 2295 cuspide
957 2205 1059 2270 scuta
1085 2207 1223 2270 sonant.

368 2373 499 2447 Stricta
524 2373 671 2446 immota
699 2370 803 2458 acies,
830 2372 958 2452 iterum
985 2380 1175 2469 exceptura
1201 2380 1357 2458 ruentes

416 2543 522 2614 Nunc
547 2539 633 2639 pede
659 2556 878 2638 congressae,
905 2564 1001 2612 nunc
1027 2540 1133 2638 fugat
1158 2542 1250 2615 acris
1276 2566 1375 2640 equo.

366 2714 484 2785 Instat
509 2710 637 2797 adhuc,
666 2710 697 2784 si
724 2710 813 2784 forte
838 2719 947 2809 queat
972 2711 1179 2808 contingere
1204 2713 1409 2810 plaustrum

415 2879 549 2965 Hostis,
576 2878 638 2951 ubi
663 2877 799 2977 gladiis
826 2877 961 2974 ferreus
987 2878 1104 2952 horret
1130 2903 1226 2978 ager.

367 3051 434 3122 Ter
461 3058 587 3123 conata
613 3049 772 3148 phalanx
797 3072 988 3147 germana:
1016 3058 1069 3122 ter
1094 3048 1177 3123 inde
1202 3050 1348 3124 recessit

417 3222 530 3292 Versa
556 3228 657 3308 retro,
686 3228 750 3293 aut
777 3219 930 3293 moriens
955 3243 1012 3293 ore
1039 3219 1224 3294 momordit
1250 3221 1414 3294 humum.

369 3391 518 3464 Pulvere
543 3389 712 3463 miscetur
737 3413 901 3487 campus:
929 3389 1028 3463 Crux
1054 3388 1186 3462 eminet
1211 3414 1294 3475 una,
1401 3389 1404 3398 ’

418 3563 465 3634 Et
493 3560 613 3658 procul
637 3558 784 3632 adverso
810 3559 882 3632 sole
907 3557 1054 3642 cadente
1080 3558 1198 3631 micat.

368 3729 643 3830 Quadrupedum
669 3729 705 3801 vi
732 3728 851 3826 pergit
877 3728 944 3801 iter
970 3753 1069 3801 sacra
1095 3727 1272 3814 machina,
1300 3736 1475 3806 sternens

415 3901 571 3976 Pondere
597 3901 709 3986 tarda,
738 3900 816 3973 vias
842 3898 927 3972 dum
955 3907 1062 3984 secat,
1090 3858 1283 3972 exanimes.

369 4072 426 4144 Sic
452 4071 584 4145 medios
610 4071 694 4145 olim
721 4071 800 4144 visa
827 4078 881 4142 est
907 4067 1066 4142 incedere
1093 4068 1132 4139 in
1156 4067 1287 4152 hostes,

416 4244 524 4314 Plena
551 4245 632 4330 Deo,
659 4240 807 4314 lsacidis
837 4249 872 4312 et
901 4238 1002 4312 stetit
1028 4242 1119 4310 Arca
1147 4237 1254 4310 salus.
