<?xml version="1.0" encoding="UTF-8"?>
<!DOCTYPE html PUBLIC "-//W3C//DTD XHTML 1.0 Transitional//EN"
    "http://www.w3.org/TR/xhtml1/DTD/xhtml1-transitional.dtd">
<html xmlns="http://www.w3.org/1999/xhtml" xml:lang="en" lang="en">
 <head>
  <title>
</title>
<meta http-equiv="Content-Type" content="text/html;charset=utf-8" />
  <meta name='ocr-system' content='tesseract 3.04.00' />
  <meta name='ocr-capabilities' content='ocr_page ocr_carea ocr_par ocr_line ocrx_word'/>
</head>
<body>
  <div class='ocr_page' id='page_1' title='image "./franciscitranqu00moltgoog_0050.png"; bbox 0 0 3246 5314; ppageno 0'>
   <div class='ocr_carea' id='block_1_1' title="bbox 642 465 837 536">
    <p class='ocr_par' dir='ltr' id='par_1_1' title="bbox 642 465 837 536">
     <span class='ocr_line' id='line_1_1' title="bbox 642 465 837 536; baseline -0.01 -20"><span class='ocrx_word' id='word_1_1' title='bbox 642 465 837 536; x_wconf 59' lang='lat'>„35-</span> 
     </span>
    </p>
   </div>
   <div class='ocr_carea' id='block_1_2' title="bbox 233 659 1420 791">
    <p class='ocr_par' dir='ltr' id='par_1_2' title="bbox 233 659 1420 791">
     <span class='ocr_line' id='line_1_2' title="bbox 233 659 1420 791; baseline 0.01 -24"><span class='ocrx_word' id='word_1_2' title='bbox 233 697 281 768; x_wconf 82' lang='lat' dir='ltr'>Et</span> <span class='ocrx_word' id='word_1_3' title='bbox 308 694 454 769; x_wconf 90' lang='lat' dir='ltr'>celebris</span> <span class='ocrx_word' id='word_1_4' title='bbox 479 693 625 768; x_wconf 87' lang='lat' dir='ltr'>medicis</span> <span class='ocrx_word' id='word_1_5' title='bbox 653 693 815 791; x_wconf 73' lang='lat' dir='ltr'>Oplontis</span> <span class='ocrx_word' id='word_1_6' title='bbox 840 693 1000 791; x_wconf 84' lang='lat' dir='ltr'>proxima</span> <span class='ocrx_word' id='word_1_7' title='bbox 1026 694 1186 782; x_wconf 85' lang='lat' dir='ltr'>thermis,</span> <span class='ocrx_word' id='word_1_8' title='bbox 1347 659 1420 779; x_wconf 76' lang='lat'>105¹</span> 
     </span>
    </p>
   </div>
   <div class='ocr_carea' id='block_1_3' title="bbox 161 862 1389 3675">
    <p class='ocr_par' dir='ltr' id='par_1_3' title="bbox 232 862 1317 1132">
     <span class='ocr_line' id='line_1_3' title="bbox 233 862 1282 964; baseline 0.004 -28"><span class='ocrx_word' id='word_1_9' title='bbox 233 863 406 938; x_wconf 78' lang='lat' dir='ltr'>Nuceriae</span> <span class='ocrx_word' id='word_1_10' title='bbox 431 873 538 964; x_wconf 86' lang='lat' dir='ltr'>atque</span> <span class='ocrx_word' id='word_1_11' title='bbox 563 863 721 962; x_wconf 82' lang='lat' dir='ltr'>insignis</span> <span class='ocrx_word' id='word_1_12' title='bbox 746 887 843 961; x_wconf 83' lang='lat' dir='ltr'>ager,</span> <span class='ocrx_word' id='word_1_13' title='bbox 871 862 957 938; x_wconf 90' lang='lat' dir='ltr'>dum</span> <span class='ocrx_word' id='word_1_14' title='bbox 985 865 1170 940; x_wconf 90' lang='lat' dir='ltr'>moenibus</span> <span class='ocrx_word' id='word_1_15' title='bbox 1197 867 1282 940; x_wconf 87' lang='lat' dir='ltr'>altis</span> 
     </span>
     <span class='ocr_line' id='line_1_4' title="bbox 232 1031 1317 1132; baseline 0.004 -26"><span class='ocrx_word' id='word_1_16' title='bbox 232 1032 300 1106; x_wconf 88' lang='lat' dir='ltr'>Hic</span> <span class='ocrx_word' id='word_1_17' title='bbox 323 1033 475 1131; x_wconf 83' lang='lat' dir='ltr'>Pompei,</span> <span class='ocrx_word' id='word_1_18' title='bbox 500 1031 601 1108; x_wconf 87' lang='lat' dir='ltr'>dives</span> <span class='ocrx_word' id='word_1_19' title='bbox 627 1057 731 1131; x_wconf 93' lang='lat' dir='ltr'>opum</span> <span class='ocrx_word' id='word_1_20' title='bbox 756 1032 842 1106; x_wconf 86' lang='lat' dir='ltr'>urbs</span> <span class='ocrx_word' id='word_1_21' title='bbox 868 1056 1090 1132; x_wconf 89' lang='lat' dir='ltr'>operumque,</span> <span class='ocrx_word' id='word_1_22' title='bbox 1116 1037 1317 1112; x_wconf 87' lang='lat' dir='ltr'>manebant.</span> 
     </span>
    </p>

    <p class='ocr_par' dir='ltr' id='par_1_4' title="bbox 161 1202 1389 3675">
     <span class='ocr_line' id='line_1_5' title="bbox 161 1202 1142 1300; baseline 0.005 -24"><span class='ocrx_word' id='word_1_23' title='bbox 161 1261 171 1276; x_wconf 92' lang='lat'><strong><em>.</em></strong></span> <span class='ocrx_word' id='word_1_24' title='bbox 230 1203 386 1277; x_wconf 78' lang='lat' dir='ltr'>Sustulit</span> <span class='ocrx_word' id='word_1_25' title='bbox 410 1227 431 1278; x_wconf 94' lang='lat' dir='ltr'>o</span> <span class='ocrx_word' id='word_1_26' title='bbox 456 1202 601 1278; x_wconf 90' lang='lat' dir='ltr'>tandem</span> <span class='ocrx_word' id='word_1_27' title='bbox 625 1203 697 1276; x_wconf 89' lang='lat' dir='ltr'>iam</span> <span class='ocrx_word' id='word_1_28' title='bbox 723 1210 776 1276; x_wconf 90' lang='lat' dir='ltr'>tot</span> <span class='ocrx_word' id='word_1_29' title='bbox 800 1211 879 1300; x_wconf 91' lang='lat' dir='ltr'>post</span> <span class='ocrx_word' id='word_1_30' title='bbox 907 1204 1000 1276; x_wconf 84' lang='lat' dir='ltr'>secla</span> <span class='ocrx_word' id='word_1_31' title='bbox 1025 1204 1142 1281; x_wconf 92' lang='lat' dir='ltr'>ruinis</span> 
     </span>
     <span class='ocr_line' id='line_1_6' title="bbox 229 1372 1167 1471; baseline 0.007 -27"><span class='ocrx_word' id='word_1_32' title='bbox 229 1372 401 1471; x_wconf 87' lang='lat' dir='ltr'>Antiquis</span> <span class='ocrx_word' id='word_1_33' title='bbox 427 1372 627 1448; x_wconf 88' lang='lat' dir='ltr'>veneranda</span> <span class='ocrx_word' id='word_1_34' title='bbox 653 1381 769 1471; x_wconf 89' lang='lat' dir='ltr'>caput,</span> <span class='ocrx_word' id='word_1_35' title='bbox 796 1396 887 1469; x_wconf 90' lang='lat' dir='ltr'>quas</span> <span class='ocrx_word' id='word_1_36' title='bbox 913 1373 1001 1471; x_wconf 85' lang='lat' dir='ltr'>ipsa,</span> <span class='ocrx_word' id='word_1_37' title='bbox 1030 1377 1167 1451; x_wconf 84' lang='lat' dir='ltr'>Vesevo</span> 
     </span>
     <span class='ocr_line' id='line_1_7' title="bbox 228 1541 1386 1642; baseline 0.008 -30"><span class='ocrx_word' id='word_1_38' title='bbox 228 1541 432 1616; x_wconf 89' lang='lat' dir='ltr'>Pumicibus</span> <span class='ocrx_word' id='word_1_39' title='bbox 461 1552 658 1642; x_wconf 87' lang='lat' dir='ltr'>superante,</span> <span class='ocrx_word' id='word_1_40' title='bbox 685 1542 801 1637; x_wconf 82' lang='lat' dir='ltr'>dedit3</span> <span class='ocrx_word' id='word_1_41' title='bbox 828 1545 900 1618; x_wconf 88' lang='lat' dir='ltr'>iam</span> <span class='ocrx_word' id='word_1_42' title='bbox 926 1544 1082 1618; x_wconf 86' lang='lat' dir='ltr'>vescitur</span> <span class='ocrx_word' id='word_1_43' title='bbox 1105 1546 1213 1620; x_wconf 88' lang='lat' dir='ltr'>auris.</span> <span class='ocrx_word' id='word_1_44' title='bbox 1337 1575 1386 1629; x_wconf 84' lang='lat' dir='ltr'>lio</span> 
     </span>
     <span class='ocr_line' id='line_1_8' title="bbox 227 1709 1154 1812; baseline 0.006 -30"><span class='ocrx_word' id='word_1_45' title='bbox 227 1709 295 1782; x_wconf 86' lang='lat' dir='ltr'>Sed</span> <span class='ocrx_word' id='word_1_46' title='bbox 320 1737 452 1786; x_wconf 86' lang='lat' dir='ltr'>vacuas</span> <span class='ocrx_word' id='word_1_47' title='bbox 477 1712 657 1812; x_wconf 86' lang='lat' dir='ltr'>utrimque</span> <span class='ocrx_word' id='word_1_48' title='bbox 681 1711 800 1787; x_wconf 88' lang='lat' dir='ltr'>domos</span> <span class='ocrx_word' id='word_1_49' title='bbox 828 1721 864 1786; x_wconf 92' lang='lat' dir='ltr'>et</span> <span class='ocrx_word' id='word_1_50' title='bbox 888 1722 989 1787; x_wconf 89' lang='lat' dir='ltr'>muta</span> <span class='ocrx_word' id='word_1_51' title='bbox 1015 1714 1154 1788; x_wconf 81' lang='lat' dir='ltr'>viarum</span> 
     </span>
     <span class='ocr_line' id='line_1_9' title="bbox 229 1881 1184 1981; baseline 0.008 -31"><span class='ocrx_word' id='word_1_52' title='bbox 229 1881 348 1954; x_wconf 86' lang='lat' dir='ltr'>Strata</span> <span class='ocrx_word' id='word_1_53' title='bbox 375 1889 504 1979; x_wconf 87' lang='lat' dir='ltr'>stupet,</span> <span class='ocrx_word' id='word_1_54' title='bbox 532 1882 732 1981; x_wconf 91' lang='lat' dir='ltr'>summique</span> <span class='ocrx_word' id='word_1_55' title='bbox 758 1883 815 1956; x_wconf 90' lang='lat' dir='ltr'>sui</span> <span class='ocrx_word' id='word_1_56' title='bbox 842 1883 940 1956; x_wconf 86' lang='lat' dir='ltr'>velut</span> <span class='ocrx_word' id='word_1_57' title='bbox 965 1884 1079 1958; x_wconf 90' lang='lat' dir='ltr'>inscia</span> <span class='ocrx_word' id='word_1_58' title='bbox 1106 1884 1184 1972; x_wconf 86' lang='lat' dir='ltr'>fati,</span> 
     </span>
     <span class='ocr_line' id='line_1_10' title="bbox 228 2051 1087 2149; baseline 0.006 -27"><span class='ocrx_word' id='word_1_59' title='bbox 228 2051 400 2147; x_wconf 83' lang='lat' dir='ltr'>Egressos</span> <span class='ocrx_word' id='word_1_60' title='bbox 427 2074 538 2149; x_wconf 90' lang='lat' dir='ltr'>nuper</span> <span class='ocrx_word' id='word_1_61' title='bbox 564 2051 659 2126; x_wconf 90' lang='lat' dir='ltr'>cives</span> <span class='ocrx_word' id='word_1_62' title='bbox 684 2075 704 2124; x_wconf 89' lang='lat' dir='ltr'>e</span> <span class='ocrx_word' id='word_1_63' title='bbox 729 2051 912 2126; x_wconf 87' lang='lat' dir='ltr'>moenibus</span> <span class='ocrx_word' id='word_1_64' title='bbox 937 2052 1087 2127; x_wconf 83' lang='lat' dir='ltr'>haerens</span> 
     </span>
     <span class='ocr_line' id='line_1_11' title="bbox 225 2221 1194 2319; baseline 0.007 -28"><span class='ocrx_word' id='word_1_65' title='bbox 225 2221 304 2293; x_wconf 90' lang='lat' dir='ltr'>Heu</span> <span class='ocrx_word' id='word_1_66' title='bbox 330 2230 492 2319; x_wconf 85' lang='lat' dir='ltr'>expectat</span> <span class='ocrx_word' id='word_1_67' title='bbox 516 2221 651 2296; x_wconf 83' lang='lat' dir='ltr'>adhuc!</span> <span class='ocrx_word' id='word_1_68' title='bbox 681 2224 855 2298; x_wconf 81' lang='lat' dir='ltr'>Oneratas</span> <span class='ocrx_word' id='word_1_69' title='bbox 880 2246 992 2297; x_wconf 90' lang='lat' dir='ltr'>merce</span> <span class='ocrx_word' id='word_1_70' title='bbox 1017 2223 1194 2311; x_wconf 87' lang='lat' dir='ltr'>tabernae,</span> 
     </span>
     <span class='ocr_line' id='line_1_12' title="bbox 225 2392 1389 2494; baseline 0.015 -34"><span class='ocrx_word' id='word_1_71' title='bbox 225 2393 346 2488; x_wconf 89' lang='lat' dir='ltr'>Atque</span> <span class='ocrx_word' id='word_1_72' title='bbox 372 2415 455 2464; x_wconf 88' lang='lat' dir='ltr'>suos</span> <span class='ocrx_word' id='word_1_73' title='bbox 480 2400 643 2489; x_wconf 83' lang='lat' dir='ltr'>expectat</span> <span class='ocrx_word' id='word_1_74' title='bbox 669 2392 770 2468; x_wconf 91' lang='lat' dir='ltr'>heros</span> <span class='ocrx_word' id='word_1_75' title='bbox 795 2415 857 2491; x_wconf 92' lang='lat' dir='ltr'>per</span> <span class='ocrx_word' id='word_1_76' title='bbox 881 2401 975 2468; x_wconf 82' lang='lat' dir='ltr'>tecta</span> <span class='ocrx_word' id='word_1_77' title='bbox 1001 2394 1170 2494; x_wconf 82' lang='lat' dir='ltr'>supellex.</span> <span class='ocrx_word' id='word_1_78' title='bbox 1338 2423 1389 2478; x_wconf 85' lang='lat'>115</span> 
     </span>
     <span class='ocr_line' id='line_1_13' title="bbox 224 2557 1094 2660; baseline 0.009 -32"><span class='ocrx_word' id='word_1_79' title='bbox 224 2557 292 2630; x_wconf 90' lang='lat' dir='ltr'>Hic</span> <span class='ocrx_word' id='word_1_80' title='bbox 317 2558 417 2633; x_wconf 91' lang='lat' dir='ltr'>modo</span> <span class='ocrx_word' id='word_1_81' title='bbox 442 2585 628 2635; x_wconf 88' lang='lat' dir='ltr'>summano</span> <span class='ocrx_word' id='word_1_82' title='bbox 653 2560 736 2635; x_wconf 88' lang='lat' dir='ltr'>vino</span> <span class='ocrx_word' id='word_1_83' title='bbox 761 2560 971 2660; x_wconf 84' lang='lat' dir='ltr'>fragrantia,</span> <span class='ocrx_word' id='word_1_84' title='bbox 999 2562 1094 2638; x_wconf 88' lang='lat' dir='ltr'>dulci</span> 
     </span>
     <span class='ocr_line' id='line_1_14' title="bbox 224 2729 1296 2832; baseline 0.007 -32"><span class='ocrx_word' id='word_1_85' title='bbox 224 2729 394 2826; x_wconf 82' lang='lat' dir='ltr'>Unguine</span> <span class='ocrx_word' id='word_1_86' title='bbox 418 2730 532 2804; x_wconf 83' lang='lat' dir='ltr'>cernis</span> <span class='ocrx_word' id='word_1_87' title='bbox 558 2731 675 2806; x_wconf 87' lang='lat' dir='ltr'>adhuc</span> <span class='ocrx_word' id='word_1_88' title='bbox 699 2731 800 2806; x_wconf 92' lang='lat' dir='ltr'>modo</span> <span class='ocrx_word' id='word_1_89' title='bbox 827 2732 962 2831; x_wconf 90' lang='lat' dir='ltr'>passim</span> <span class='ocrx_word' id='word_1_90' title='bbox 988 2735 1123 2832; x_wconf 87' lang='lat' dir='ltr'>pocula,</span> <span class='ocrx_word' id='word_1_91' title='bbox 1149 2743 1185 2808; x_wconf 92' lang='lat' dir='ltr'>et</span> <span class='ocrx_word' id='word_1_92' title='bbox 1210 2733 1296 2808; x_wconf 86' lang='lat' dir='ltr'>offas</span> 
     </span>
     <span class='ocr_line' id='line_1_15' title="bbox 224 2897 1147 3002; baseline 0.011 -34"><span class='ocrx_word' id='word_1_93' title='bbox 224 2897 328 2972; x_wconf 90' lang='lat' dir='ltr'>Melle</span> <span class='ocrx_word' id='word_1_94' title='bbox 355 2908 546 2997; x_wconf 88' lang='lat' dir='ltr'>saporatas,</span> <span class='ocrx_word' id='word_1_95' title='bbox 572 2910 609 2975; x_wconf 93' lang='lat' dir='ltr'>et</span> <span class='ocrx_word' id='word_1_96' title='bbox 632 2925 724 3000; x_wconf 88' lang='lat' dir='ltr'>quae</span> <span class='ocrx_word' id='word_1_97' title='bbox 749 2900 871 2976; x_wconf 87' lang='lat' dir='ltr'>decora</span> <span class='ocrx_word' id='word_1_98' title='bbox 897 2903 992 2977; x_wconf 89' lang='lat' dir='ltr'>alma</span> <span class='ocrx_word' id='word_1_99' title='bbox 1017 2903 1147 3002; x_wconf 91' lang='lat' dir='ltr'>puellis</span> 
     </span>
     <span class='ocr_line' id='line_1_16' title="bbox 225 3067 1082 3167; baseline 0.004 -26"><span class='ocrx_word' id='word_1_100' title='bbox 225 3067 386 3141; x_wconf 83' lang='lat' dir='ltr'>Candida</span> <span class='ocrx_word' id='word_1_101' title='bbox 412 3069 607 3167; x_wconf 83' lang='lat' dir='ltr'>cingebant</span> <span class='ocrx_word' id='word_1_102' title='bbox 631 3069 786 3145; x_wconf 88' lang='lat' dir='ltr'>demissa</span> <span class='ocrx_word' id='word_1_103' title='bbox 811 3071 958 3145; x_wconf 92' lang='lat' dir='ltr'>monilia</span> <span class='ocrx_word' id='word_1_104' title='bbox 983 3072 1082 3157; x_wconf 87' lang='lat' dir='ltr'>colla,</span> 
     </span>
     <span class='ocr_line' id='line_1_17' title="bbox 221 3235 1384 3334; baseline 0.013 -29"><span class='ocrx_word' id='word_1_105' title='bbox 221 3235 418 3334; x_wconf 88' lang='lat' dir='ltr'>Vinclaque</span> <span class='ocrx_word' id='word_1_106' title='bbox 442 3238 630 3312; x_wconf 84' lang='lat' dir='ltr'>moerentis</span> <span class='ocrx_word' id='word_1_107' title='bbox 656 3237 830 3312; x_wconf 86' lang='lat' dir='ltr'>latebroso</span> <span class='ocrx_word' id='word_1_108' title='bbox 855 3238 894 3310; x_wconf 92' lang='lat' dir='ltr'>in</span> <span class='ocrx_word' id='word_1_109' title='bbox 920 3261 1055 3312; x_wconf 87' lang='lat' dir='ltr'>carcere</span> <span class='ocrx_word' id='word_1_110' title='bbox 1082 3239 1205 3314; x_wconf 88' lang='lat' dir='ltr'>sontis.</span> <span class='ocrx_word' id='word_1_111' title='bbox 1334 3265 1384 3320; x_wconf 80' lang='lat'>120</span> 
     </span>
     <span class='ocr_line' id='line_1_18' title="bbox 222 3403 1223 3504; baseline 0.003 -27"><span class='ocrx_word' id='word_1_112' title='bbox 222 3403 419 3501; x_wconf 83' lang='lat' dir='ltr'>Comprime</span> <span class='ocrx_word' id='word_1_113' title='bbox 444 3405 517 3480; x_wconf 89' lang='lat' dir='ltr'>iam</span> <span class='ocrx_word' id='word_1_114' title='bbox 541 3429 718 3504; x_wconf 83' lang='lat' dir='ltr'>gressum,</span> <span class='ocrx_word' id='word_1_115' title='bbox 744 3407 814 3482; x_wconf 89' lang='lat' dir='ltr'>cito</span> <span class='ocrx_word' id='word_1_116' title='bbox 840 3431 885 3480; x_wconf 89' lang='lat' dir='ltr'>ne</span> <span class='ocrx_word' id='word_1_117' title='bbox 910 3407 1050 3484; x_wconf 88' lang='lat' dir='ltr'>discede</span> <span class='ocrx_word' id='word_1_118' title='bbox 1075 3408 1223 3483; x_wconf 43' lang='lat' dir='ltr'>viator*</span> 
     </span>
     <span class='ocr_line' id='line_1_19' title="bbox 218 3572 1245 3675; baseline 0.007 -32"><span class='ocrx_word' id='word_1_119' title='bbox 218 3573 360 3672; x_wconf 81' lang='lat' dir='ltr'>Xystus</span> <span class='ocrx_word' id='word_1_120' title='bbox 387 3572 498 3661; x_wconf 89' lang='lat' dir='ltr'>adest,</span> <span class='ocrx_word' id='word_1_121' title='bbox 524 3600 633 3673; x_wconf 88' lang='lat' dir='ltr'>quam</span> <span class='ocrx_word' id='word_1_122' title='bbox 656 3586 763 3674; x_wconf 87' lang='lat' dir='ltr'>grata</span> <span class='ocrx_word' id='word_1_123' title='bbox 788 3577 875 3650; x_wconf 91' lang='lat' dir='ltr'>viris</span> <span class='ocrx_word' id='word_1_124' title='bbox 904 3577 1032 3650; x_wconf 90' lang='lat' dir='ltr'>solatia</span> <span class='ocrx_word' id='word_1_125' title='bbox 1057 3576 1245 3675; x_wconf 77' lang='lat' dir='ltr'>quondam,</span> 
     </span>
    </p>
   </div>
   <div class='ocr_carea' id='block_1_4' title="bbox 218 3741 1134 3845">
    <p class='ocr_par' dir='ltr' id='par_1_5' title="bbox 218 3741 1134 3845">
     <span class='ocr_line' id='line_1_20' title="bbox 218 3741 1134 3845; baseline 0.005 -32"><span class='ocrx_word' id='word_1_126' title='bbox 218 3741 415 3817; x_wconf 87' lang='lat' dir='ltr'>Porticibus</span> <span class='ocrx_word' id='word_1_127' title='bbox 441 3743 503 3841; x_wconf 90' lang='lat' dir='ltr'>qui</span> <span class='ocrx_word' id='word_1_128' title='bbox 529 3753 649 3818; x_wconf 88' lang='lat' dir='ltr'>arcton</span> <span class='ocrx_word' id='word_1_129' title='bbox 679 3745 792 3844; x_wconf 85' lang='lat' dir='ltr'>largis</span> <span class='ocrx_word' id='word_1_130' title='bbox 818 3746 956 3844; x_wconf 86' lang='lat' dir='ltr'>excepit</span> <span class='ocrx_word' id='word_1_131' title='bbox 982 3771 1134 3845; x_wconf 86' lang='lat' dir='ltr'>opacam.</span> 
     </span>
    </p>
   </div>
   <div class='ocr_carea' id='block_1_5' title="bbox 42 3955 231 3974">
    <p class='ocr_par' dir='ltr' id='par_1_6' title="bbox 42 3955 231 3974">
     <span class='ocr_line' id='line_1_21' title="bbox 42 3955 231 3974; baseline 0 -12"><span class='ocrx_word' id='word_1_132' title='bbox 42 3955 231 3974; x_wconf 50' lang='lat' dir='ltr'><em>fn...-</em></span> 
     </span>
    </p>
   </div>
   <div class='ocr_carea' id='block_1_6' title="bbox 112 4073 1384 4137">
    <p class='ocr_par' dir='ltr' id='par_1_7' title="bbox 112 4073 1384 4137">
     <span class='ocr_line' id='line_1_22' title="bbox 112 4073 1384 4137; baseline -0.006 -11"><span class='ocrx_word' id='word_1_133' title='bbox 112 4081 149 4126; x_wconf 85' lang='lat' dir='ltr'>V.</span> <span class='ocrx_word' id='word_1_134' title='bbox 168 4079 216 4123; x_wconf 84' lang='lat'>105.</span> <span class='ocrx_word' id='word_1_135' title='bbox 230 4078 354 4134; x_wconf 83' lang='lat' dir='ltr'>Oplontis,</span> <span class='ocrx_word' id='word_1_136' title='bbox 368 4090 437 4123; x_wconf 85' lang='lat' dir='ltr'>nunc</span> <span class='ocrx_word' id='word_1_137' title='bbox 457 4081 528 4127; x_wconf 74' lang='lat' dir='ltr'>Porro</span> <span class='ocrx_word' id='word_1_138' title='bbox 543 4083 715 4128; x_wconf 72' lang='lat' dir='ltr'>Acaunum.</span> <span class='ocrx_word' id='word_1_139' title='bbox 728 4073 859 4136; x_wconf 50' lang='lat' dir='ltr'>&#39;Antiquae</span> <span class='ocrx_word' id='word_1_140' title='bbox 873 4082 995 4126; x_wconf 79' lang='lat' dir='ltr'>Thermae</span> <span class='ocrx_word' id='word_1_141' title='bbox 1009 4081 1099 4137; x_wconf 83' lang='lat' dir='ltr'>paucis</span> <span class='ocrx_word' id='word_1_142' title='bbox 1116 4080 1208 4124; x_wconf 82' lang='lat' dir='ltr'>abhinc</span> <span class='ocrx_word' id='word_1_143' title='bbox 1222 4079 1297 4124; x_wconf 79' lang='lat' dir='ltr'>annis</span> <span class='ocrx_word' id='word_1_144' title='bbox 1310 4080 1384 4122; x_wconf 83' lang='lat' dir='ltr'>dete-</span> 
     </span>
    </p>
   </div>
   <div class='ocr_carea' id='block_1_7' title="bbox 43 4151 1385 4288">
    <p class='ocr_par' dir='ltr' id='par_1_8' title="bbox 43 4151 1385 4288">
     <span class='ocr_line' id='line_1_23' title="bbox 43 4151 682 4206; baseline -0.013 -3"><span class='ocrx_word' id='word_1_145' title='bbox 43 4161 118 4203; x_wconf 80' lang='lat' dir='ltr'>ctae</span> <span class='ocrx_word' id='word_1_146' title='bbox 135 4152 173 4196; x_wconf 81' lang='lat' dir='ltr'>ad</span> <span class='ocrx_word' id='word_1_147' title='bbox 188 4151 329 4206; x_wconf 82' lang='lat' dir='ltr'>pristinum</span> <span class='ocrx_word' id='word_1_148' title='bbox 343 4162 420 4195; x_wconf 89' lang='lat' dir='ltr'>usum</span> <span class='ocrx_word' id='word_1_149' title='bbox 435 4153 563 4197; x_wconf 89' lang='lat' dir='ltr'>commode</span> <span class='ocrx_word' id='word_1_150' title='bbox 577 4153 682 4197; x_wconf 87' lang='lat' dir='ltr'>rediere.</span> 
     </span>
     <span class='ocr_line' id='line_1_24' title="bbox 113 4220 1385 4288; baseline -0.004 -20"><span class='ocrx_word' id='word_1_151' title='bbox 113 4224 149 4268; x_wconf 75' lang='lat' dir='ltr'>V,</span> <span class='ocrx_word' id='word_1_152' title='bbox 168 4221 217 4265; x_wconf 87' lang='lat'>108.</span> <span class='ocrx_word' id='word_1_153' title='bbox 231 4223 265 4266; x_wconf 90' lang='lat' dir='ltr'>De</span> <span class='ocrx_word' id='word_1_154' title='bbox 279 4223 401 4277; x_wconf 87' lang='lat' dir='ltr'>Pompeis,</span> <span class='ocrx_word' id='word_1_155' title='bbox 415 4224 446 4268; x_wconf 80' lang='lat' dir='ltr'>ed</span> <span class='ocrx_word' id='word_1_156' title='bbox 460 4233 524 4288; x_wconf 72' lang='lat' dir='ltr'>quos</span> <span class='ocrx_word' id='word_1_157' title='bbox 538 4223 704 4279; x_wconf 77' lang='lat' dir='ltr'>digredimur,</span> <span class='ocrx_word' id='word_1_158' title='bbox 719 4224 820 4267; x_wconf 80' lang='lat' dir='ltr'>minuta</span> <span class='ocrx_word' id='word_1_159' title='bbox 829 4224 944 4267; x_wconf 87' lang='lat' dir='ltr'>invenies</span> <span class='ocrx_word' id='word_1_160' title='bbox 958 4225 1026 4279; x_wconf 77' lang='lat' dir='ltr'>apud</span> <span class='ocrx_word' id='word_1_161' title='bbox 1037 4223 1065 4266; x_wconf 89' lang='lat' dir='ltr'>N.</span> <span class='ocrx_word' id='word_1_162' title='bbox 1081 4221 1197 4268; x_wconf 72' lang='lat' dir='ltr'>concis</span> <span class='ocrx_word' id='word_1_163' title='bbox 1212 4221 1312 4278; x_wconf 64' lang='grc' dir='ltr'>[Μανία</span> <span class='ocrx_word' id='word_1_164' title='bbox 1322 4220 1385 4264; x_wconf 77' lang='lat' dir='ltr'>delle</span> 
     </span>
    </p>
   </div>
   <div class='ocr_carea' id='block_1_8' title="bbox 42 4293 1232 4354">
    <p class='ocr_par' dir='ltr' id='par_1_9' title="bbox 42 4293 1232 4354">
     <span class='ocr_line' id='line_1_25' title="bbox 42 4293 1232 4354; baseline -0.008 -11"><span class='ocrx_word' id='word_1_165' title='bbox 42 4307 103 4350; x_wconf 72' lang='lat' dir='ltr'>dm</span> <span class='ocrx_word' id='word_1_166' title='bbox 120 4297 228 4349; x_wconf 73' lang='lat' dir='ltr'>Sicilie,</span> <span class='ocrx_word' id='word_1_167' title='bbox 243 4293 273 4340; x_wconf 81' lang='lat' dir='ltr'>V.</span> <span class='ocrx_word' id='word_1_168' title='bbox 288 4294 328 4354; x_wconf 72' lang='grc' dir='ltr'><strong>ΙΙ.)</strong></span> <span class='ocrx_word' id='word_1_169' title='bbox 342 4295 373 4338; x_wconf 88' lang='lat' dir='ltr'>de</span> <span class='ocrx_word' id='word_1_170' title='bbox 386 4295 493 4351; x_wconf 77' lang='lat' dir='ltr'>entique</span> <span class='ocrx_word' id='word_1_171' title='bbox 507 4296 569 4341; x_wconf 85' lang='lat' dir='ltr'>urbe</span> <span class='ocrx_word' id='word_1_172' title='bbox 584 4296 635 4340; x_wconf 81' lang='lat' dir='ltr'>ism</span> <span class='ocrx_word' id='word_1_173' title='bbox 649 4307 680 4342; x_wconf 85' lang='lat' dir='ltr'>ex</span> <span class='ocrx_word' id='word_1_174' title='bbox 695 4298 767 4351; x_wconf 83' lang='lat' dir='ltr'>parte</span> <span class='ocrx_word' id='word_1_175' title='bbox 780 4296 882 4339; x_wconf 83' lang='lat' dir='ltr'>detecta</span> <span class='ocrx_word' id='word_1_176' title='bbox 895 4293 1042 4340; x_wconf 82' lang='lat' dir='ltr'>doctissime</span> <span class='ocrx_word' id='word_1_177' title='bbox 1057 4293 1232 4338; x_wconf 83' lang='lat' dir='ltr'>disserentem.</span> 
     </span>
    </p>
   </div>
   <div class='ocr_carea' id='block_1_9' title="bbox 0 0 1628 5314">
    <p class='ocr_par' dir='ltr' id='par_1_10' title="bbox 0 0 1628 5314">
     <span class='ocr_line' id='line_1_26' title="bbox 0 0 1628 5314; baseline 0 7"><span class='ocrx_word' id='word_1_178' title='bbox 0 0 1628 5314; x_wconf 95' lang='lat' dir='ltr'> </span> 
     </span>
    </p>
   </div>
  </div>
 </body>
</html>
