3246 5314
801 435 995 504 ,52-

385 667 442 738 Me
467 665 585 750 latuit,
613 687 675 738 nec
702 665 804 762 culpa
831 665 931 738 mihi.
959 667 1054 763 Ergo
1078 665 1145 738 rite
1170 665 1341 766 cylindro,

386 795 586 908 siccamen
612 833 704 906 inter
729 857 788 908 eos
814 834 980 932 spatium,
1006 858 1169 933 compone
1194 835 1410 936 cylindrum:
1534 866 1570 920 15

384 1005 497 1078 Extra
522 1005 642 1080 ambos
668 1004 826 1104 adiunge
851 1005 978 1098 simul;
1004 1003 1158 1104 dumque
1183 1016 1307 1104 ergata
1331 1006 1458 1082 dextra

383 1173 562 1248 Mordicus
588 1197 655 1248 axa
680 1182 800 1248 rotans
827 1173 960 1248 alienos
985 1173 1144 1272 implicat
1168 1199 1265 1262 axes,

384 1343 544 1442 Quisque
570 1363 634 1417 suo
660 1343 824 1419 adversos
850 1352 909 1417 eat
933 1367 1000 1416 axe
1026 1342 1210 1443 cylindrus
1235 1345 1274 1417 in
1300 1347 1398 1420 orbes
1442 1411 1447 1418 .

314 1529 318 1538 ’
385 1513 543 1600 Interior,
571 1514 603 1587 si
628 1513 717 1613 quid
740 1515 895 1612 praebes,
924 1515 1120 1590 hausturus
1147 1515 1260 1590 hiatu.

286 1763 290 1772 ,
383 1684 451 1758 His
478 1683 587 1759 armis
614 1685 788 1758 instructa
815 1685 946 1771 cohors,
975 1684 1167 1784 sortitaque
1193 1708 1342 1772 munna,
1530 1717 1569 1769 ρο

382 1855 466 1929 Mox
492 1853 553 1930 ubi
579 1853 738 1930 consedit
762 1853 929 1929 transtris
953 1853 1164 1954 patiensque
1188 1855 1358 1941 laborum,

381 2025 457 2096 Hac
481 2024 634 2121 primum
661 2032 737 2097 arte
762 2024 900 2121 glomos
925 2022 997 2096 iam
1022 2021 1110 2096 duro
1123 2023 1261 2118 cortice
1286 2023 1410 2111 nudos,

337 2281 340 2294 ¹
381 2190 597 2290 Implicitum
622 2191 721 2266 fibris
746 2190 843 2288 cogit
869 2213 1033 2288 seponere
1057 2213 1187 2264 semen.

380 2361 514 2432 Dextra
540 2366 666 2446 movet,
693 2383 764 2457 qua
789 2357 900 2432 vectis
925 2355 1036 2445 adest,
1063 2357 1254 2433 revolubile
1280 2358 1431 2452 ferrum;

377 2529 473 2614 Quos
497 2536 684 2626 postquam
711 2535 870 2625 acceptos
894 2535 1012 2600 motus
1036 2525 1133 2601 dedit
1158 2526 1235 2626 ipsa
1261 2528 1434 2628 cylindris
1523 2563 1563 2616 25

383 2701 530 2798 Ergata,
557 2707 593 2772 et
618 2698 775 2773 internos
800 2697 983 2795 geminato
1007 2697 1165 2771 concitus
1192 2721 1259 2770 axe

379 2864 531 2940 Orbibus
557 2864 719 2940 obversos
745 2863 844 2938 orbes
869 2865 1001 2963 incepit
1026 2872 1183 2962 uterque,

378 3036 495 3108 Laeva
520 3034 692 3131 glomum,
719 3059 791 3132 qua
816 3034 879 3107 vix
905 3034 1061 3132 spatium
1088 3033 1192 3108 breve
1217 3033 1387 3109 distrahit
1413 3039 1565 3127 ambos

378 3206 543 3301 Prompta
567 3203 669 3277 locet.
696 3205 801 3277 Nunc
826 3204 941 3302 qualo,
968 3202 1084 3290 viden,
1110 3202 1170 3276 det
1194 3203 1360 3278 machina
1387 3203 1560 3282 donum!

378 3376 471 3447 Nam
498 3335 607 3447 simul
633 3398 673 3446 ac
699 3381 837 3446 stamen
863 3372 1018 3446 medium
1044 3396 1204 3471 accepere
1229 3372 1394 3472 cylindri,
1525 3407 1565 3459 30

377 3539 586 3625 Absorbent,
613 3563 842 3638 pressumque
867 3541 937 3615 alio
961 3539 1137 3615 discedere
1163 3551 1308 3616 cermnt.

376 3714 514 3784 Interea
538 3733 630 3807 quae
655 3709 769 3783 mixta
794 3710 925 3807 glomis
952 3709 1102 3784 transire
1129 3720 1285 3784 meatum

281 4071 310 4114 V.
327 4068 409 4114 14-19.
425 4069 492 4114 Haeo
507 4068 633 4122 Machina,
647 4079 724 4124 quam
734 4069 818 4112 adhuc
827 4070 947 4112 adhibent
962 4070 1095 4123 nostrates,
1106 4071 1187 4128 vulgo
1199 4071 1295 4118 dicitur
1308 4073 1496 4128 Manuanello:
1509 4084 1561 4127 de-

225 4142 348 4184 lineatam
363 4139 479 4183 lnvenias
494 4140 519 4183 in
536 4139 608 4192 lihro,
623 4140 666 4183 cui
681 4140 776 4183 titulus
794 4154 808 4186 «
816 4139 933 4194 Manuale
944 4141 1005 4185 delle
1022 4141 1146 4187 Moechiae
1162 4155 1207 4198 per·
1224 4146 1389 4198 iseronellare
1406 4151 1431 4194 ie
1454 4153 1560 4201 votam

223 4223 267 4264 per
279 4212 307 4255 A.
323 4209 523 4263 OAVALLERO,
539 4211 599 4254 Tau.
617 4209 634 4264 I,
650 4211 704 4266 urg.
720 4211 760 4257 1.»
