3236 5306
775 459 997 528 -138-

378 685 515 758 Tenuia
541 709 648 784 quam
675 685 776 758 miris
804 686 942 784 spirant
968 689 1169 787 anaglypta
1194 689 1332 788 figuris.

373 857 498 930 Limen
524 855 593 943 adi,
621 880 809 954 sacrasque
834 857 947 930 oculis
973 857 1045 930 iam
1071 858 1233 955 protinus
1259 857 1364 930 aedes

372 1026 527 1123 Perlege.
554 1026 624 1111 Qui
650 1049 746 1098 mare
771 1025 834 1124 qui
859 1033 982 1113 terras,
1009 1026 1072 1124 qui
1101 1025 1218 1100 sidera
1244 1028 1399 1125 complet
1495 1129 1498 1132 Ι

373 1193 472 1268 Illico
498 1193 622 1268 adesse
647 1194 714 1268 tibi
740 1197 842 1268 Deus
863 1195 939 1294 ipse
966 1194 1156 1281 videbitur,
1184 1203 1292 1293 atque

370 1363 528 1436 Numine
554 1386 642 1461 pone
668 1387 732 1437 suo
759 1364 928 1462 complere
954 1365 1029 1438 loca
1055 1365 1176 1437 omnia
1201 1365 1343 1437 circum.

370 1534 461 1604 Tum
486 1555 566 1605 vero
592 1557 699 1630 pavor
723 1532 796 1606 ima
821 1533 950 1631 quatit,
978 1557 1076 1607 sacer
1100 1533 1229 1621 horror,
1256 1533 1380 1606 euntis

370 1703 514 1775 Pectora
543 1712 772 1800 pertentans3
799 1712 914 1802 torpet
942 1729 1030 1815 voxt:
1057 1704 1217 1802 undique
1244 1705 1378 1803 templa

370 1870 459 1944 Visa
485 1870 764 1947 subobscurum
792 1872 944 1969 signant
970 1872 1143 1945 immania
1169 1874 1312 1944 Numen

295 2057 298 2064 ⁴
370 2041 560 2114 Maiestate
586 2050 720 2141 potens.
748 2045 854 2116 Sacra
881 2042 1069 2116 formidine
1094 2042 1238 2116 tandem

365 2211 534 2309 Deposita
559 2212 702 2297 mentis,
729 2212 801 2285 iam
828 2237 925 2285 nunc
951 2212 1099 2287 delubra
1126 2222 1267 2312 stupere

360 2382 452 2454 -Alta
477 2389 587 2480 potes,
615 2382 646 2455 si
673 2405 737 2456 nee
764 2382 909 2480 species,
937 2407 1001 2456 nec
1027 2383 1148 2456 inanis
1174 2384 1295 2482 imago

367 2554 416 2624 Te
442 2560 588 2625 teneant
614 2576 777 2651 operum:
804 2562 960 2638 teneant,
988 2553 1119 2650 quibus
1146 2553 1242 2626 ebria
1268 2563 1415 2629 tantum

369 2721 525 2794 Lumina
551 2731 741 2821 captantur
765 2723 877 2796 nimio
904 2722 1037 2796 satiata
1051 2697 1182 2796 colore.

364 2895 491 2966 Luxus
516 2892 627 2980 abest,
654 2893 803 2992 aurique
828 2891 922 2968 nitor
948 2895 1154 2969 tabulaeve:
1183 2894 1360 2968 videntem

365 3065 446 3161 Ipsa
473 3086 593 3136 sacrae
618 3071 760 3136 tantum
786 3064 889 3137 molis
916 3073 1076 3162 portenta
1103 3075 1294 3139 morantur.

362 3234 436 3307 Vix
463 3234 593 3332 longae
617 3233 794 3308 inducunt
819 3233 937 3308 radios
963 3234 1156 3334 lumenque
1181 3234 1367 3324 fenestrae,

364 3404 539 3498 Culmine
555 3375 716 3503 quaeque
743 3428 806 3479 suo
831 3373 995 3502 gaudens
1021 3405 1253 3503 gracilescere
1279 3415 1392 3480 acuto.

361 3573 538 3648 Daedalea
565 3598 687 3648 verum
713 3584 789 3649 arte
813 3583 940 3692 notant
965 3574 1105 3673 depicta
1134 3575 1271 3672 figuras

364 3744 469 3817 Vitra
496 3770 634 3818 sacras:
662 3744 801 3819 cohibet
826 3745 892 3827 lux
917 3745 1111 3843 intercepta
1137 3747 1275 3819 colores.

363 3913 540 4012 Principio
565 3913 733 4011 ingentes
759 3912 919 3986 adversis
946 3905 1123 3987 frontibus
1149 3923 1225 3987 octo

360 4085 577 4160 Incumbunt
601 4110 705 4158 arcus
729 4108 841 4182 aequo
864 4063 1069 4156 discrimine
1095 4084 1188 4181 pilis.

362 4258 445 4329 Mox
472 4253 599 4329 mediis
626 4254 764 4353 spatiis,
790 4253 891 4351 queis
917 4253 1002 4326 bina
1028 4253 1112 4326 hinc
1138 4253 1220 4326 inde
1245 4262 1430 4328 recurrunt
