3236 5306
797 457 992 524 a‚sp-n

389 685 515 782 Heres:
543 692 801 770 armaturam,
828 685 931 758 celeri
958 708 1020 759 ceu
1046 684 1197 758 fulmine
1222 695 1359 758 tactum

387 849 617 937 Contremuit,
643 860 801 949 retroque
827 852 901 925 ruit
926 877 1006 926 cum
1032 852 1210 950 sanguine
1233 876 1368 950 corpus.
1452 937 1461 946 ,
1510 879 1563 933 265
1605 929 1606 976 ἢ

331 1073 338 1088 .
390 1018 485 1092 Η111
509 1017 552 1092 de
577 1019 741 1117 Gossipio
767 1020 889 1108 cecini,
915 1044 985 1094 non
1009 1043 1122 1118 pauca
1146 1019 1349 1106 remiscens,

387 1187 504 1272 Quum
529 1187 625 1261 dulci
650 1198 794 1264 tenuere
819 1215 925 1276 mora,
951 1190 1199 1292 pmpe'littora
1224 1190 1366 1288 pulcrae

388 1357 508 1432 Patria
534 1357 782 1456 Parthenopes,
807 1381 863 1431 me
892 1367 994 1432 vasta
1019 1358 1153 1456 palatia
1177 1358 1285 1432 Xisti.

387 1525 479 1598 Urbs
504 1525 566 1601 ubi
593 1527 753 1626 contigui
779 1529 885 1602 toties
911 1536 1056 1627 experta
1080 1529 1209 1602 Vesevi

384 1700 522 1773 Damna
548 1701 659 1788 timet,
686 1701 785 1776 sedes
810 1725 952 1801 operum
977 1710 1096 1775 tamen
1122 1701 1259 1800 inclyta
1284 1707 1410 1785 steti,
1500 1729 1557 1783 270

384 1868 484 1942 Solae
510 1867 593 1942 hinc
617 1869 802 1968 relliquiis,
829 1870 929 1942 illinc
954 1869 1071 1942 vicina
1097 1867 1254 1943 Calistri.

384 2037 423 2110 si
442 2047 568 2112 tamen
592 2039 746 2137 hospitio
771 2039 895 2113 moesti
920 2038 1160 2124 discessimus,
1186 2046 1292 2136 atque

383 2206 463 2280 Non
488 2206 564 2304 opis
589 2216 645 2280 est
669 2217 809 2281 nostrae
834 2208 958 2281 merito
983 2206 1174 2306 persolvere
1199 2214 1331 2305 grates,

384 2375 620 2473 Magnanimi‚
647 2376 678 2449 si
706 2401 777 2473 qua
804 2385 858 2450 est
883 2375 1007 2474 pietas,
1035 2399 1098 2448 nec
1122 2374 1258 2448 deseret
1281 2399 1456 2472 unquam,

383 2543 571 2641 Digressos
596 2544 666 2618 alio
692 2545 808 2620 Patris
833 2545 1022 2620 comitatur
1048 2545 1177 2644 imago.
1497 2574 1553 2630 275

385 2713 490 2786 Nunc
515 2722 612 2787 tenet
638 2716 732 2788 alma
759 2716 874 2789 virum
900 2725 935 2789 11
960 2738 1075 2788 rerum
1102 2714 1279 2787 Florentia
1303 2723 1428 2800 mater,

383 2882 544 2957 Candida
568 2908 639 2981 qna
664 2885 785 2959 molles
810 2885 966 2959 demittit
991 2886 1143 2958 Faesula
1168 2884 1278 2957 clivos

381 3049 438 3122 Ad
464 3059 625 3138 veterem,
651 3050 837 3150 perhibent
863 3052 894 3126 si
922 3075 1044 3125 verum
1070 3050 1222 3136 nomina,
1249 3051 1444 3135 Quercum:

378 3223 506 3295 Lectus
532 3223 593 3297 ubi
619 3232 737 3297 coetus
762 3223 944 3310 iuvenum,
969 3246 1048 3321 spes
1072 3230 1175 3296 tanta
1199 3227 1395 3318 parentum,

382 3396 511 3495 Exigit
535 3397 704 3495 ingenuis
730 3421 872 3495 operosa
898 3397 1040 3470 silentia
1066 3395 1169 3469 curis.

291 3845 321 3890 V.
334 3845 382 3890 268.
397 3847 504 3891 carmen
518 3847 564 3891 hoc
583 3859 677 3904 magua
691 3859 721 3893 ex
737 3851 809 3906 parte
827 3851 995 3904 compositum
1008 3852 1055 3903 eet,
1076 3861 1156 3905 quum
1171 3853 1359 3896 diversaremur
1378 3852 1405 3894 in
1420 3852 1544 3900 villatica

234 3916 307 3959 domo
322 3914 392 3959 xisti
406 3925 437 3958 ex
451 3916 563 3961 Ducibus
578 3917 661 3962 Rinrio
676 3919 763 3964 sforza
773 3920 846 3964 Card.
862 3919 1050 3975 Archiepiscopi
1067 3921 1143 3975 Neap.
1160 3923 1191 3966 ad
1207 3921 1309 3966 'I'urrim
1319 3923 1445 3967 Octavam
1460 3926 1546 3981 vulgo

241 3985 312 4030 Porro
324 3986 362 4031 cici
380 3987 459 4039 Gracc,
474 3997 549 4043 prope
563 3989 701 4044 Neapolim.
716 3992 750 4034 De
761 3991 890 4034 veteribus
904 3989 1002 4045 oppidis
1017 3990 1075 4035 Sola
1089 3994 1115 4033 et
1125 3986 1242 4047 Calistro,
1256 4003 1366 4048 quorum
1380 3994 1477 4040 rudera
1488 4007 1546 4040 mc-

234 4056 302 4099 diam
316 4056 409 4101 nabent
423 4057 524 4101 Turrim
538 4060 670 4113 Octavam,
685 4060 778 4117 legesis
792 4071 858 4115 quac
871 4060 923 4104 iam
937 4061 1034 4114 protuli
1047 4060 1073 4104 in
1088 4062 1174 4106 libello
1187 4063 1304 4118 quodam,
1319 4064 1363 4108 cui
1376 4065 1478 4108 titulus
1491 4069 1545 4112 «0-

234 4127 318 4178 111111
330 4127 357 4170 di
375 4125 447 4172 Porro
458 4128 497 4173 dei
512 4129 610 4175 orceo.»

288 4195 317 4238 V.
331 4196 377 4242 278.
393 4197 537 4253 Collegium
550 4198 754 4254 Barnnbitarum,
776 4211 843 4244 anno
856 4199 1064 4245 MDCCCLXVIII
1079 4211 1154 4260 prope
1168 4202 1323 4247 Florentiam
1337 4202 1480 4250 fundatum
1495 4218 1546 4252 no-

234 4261 367 4311 bilioribus
380 4248 579 4312 'adolescentulis
594 4268 766 4323 instituendis,
781 4279 872 4313 nomen
886 4270 990 4314 habeta
1007 4272 1106 4322 erercu.
1416 4295 1422 4308 ·
