3248 5290
766 463 815 472 .„
844 421 912 491 140
939 464 986 472 „-

366 653 487 748 Nuper
514 675 591 724 oras
618 651 729 736 nobis,
759 651 879 724 fratris
909 676 970 723 seu
997 650 1101 722 caede
1127 659 1312 723 cruentum

364 821 526 918 Fingere,
554 829 589 893 et
615 821 735 893 ultrici
761 844 922 918 pressum
948 819 1136 894 formidine
1165 821 1266 906 Cain,

363 993 504 1093 Inclyta
530 994 605 1066 sive
632 992 758 1066 Crucis
783 992 910 1065 malles
936 993 1132 1088 glomerare
1157 1000 1310 1088 tropaea,

360 1165 483 1262 Longo
510 1164 694 1238 hominum
721 1163 915 1261 divumque
942 1162 1050 1235 simul
1077 1161 1234 1259 stipante
1259 1169 1428 1250 caterva3

361 1341 436 1407 Aut
461 1336 638 1434 lacrymas
664 1359 841 1420 renovare,
869 1335 984 1407 scelus
1010 1331 1204 1406 meditatus
1230 1332 1412 1452 iniquum,

360 1505 446 1590 Quo,
472 1513 536 1576 tua
564 1530 658 1589 cura,
685 1503 780 1577 dolet
806 1489 946 1602 spirans
973 1504 1039 1590 sub
1067 1504 1226 1601 imagine
1253 1513 1379 1576 mater.
1402 1599 1407 1608 .

358 1674 437 1746 Heu
462 1674 599 1771 pietas!
627 1674 730 1747 Italis
757 1674 846 1746 artis
874 1698 965 1746 nova
992 1682 1149 1746 monstra
1175 1673 1386 1770 magistrae·
1419 1733 1422 1738 .

359 1841 486 1915 Invida
512 1843 588 1916 fata
616 1847 773 1942 negant!
804 1843 925 1918 Abiit:
954 1841 1025 1929 sed,
1052 1851 1190 1916 caetera
1215 1842 1344 1929 desint,

359 2015 440 2109 Ipsa
465 2036 600 2099 manes,
627 2014 808 2113 complexa
837 2014 920 2086 sinu
946 2013 1183 2086 moestissima
1209 2023 1347 2100 natum,

359 2183 472 2281 Virgo
497 2207 635 2282 parens,
662 2184 836 2283 Italiaque
864 2186 979 2258 virum
1007 2185 1217 2259 memorabis
1243 2184 1482 2284 ademptum!

359 2352 591 2446 Quinetiam
619 2363 743 2441 stares
773 2355 904 2427 sineret
930 2378 1033 2440 mors,
1060 2354 1182 2452 Virgo,
1210 2364 1407 2429 merentem
1437 2379 1442 2389 ’

360 2522 541 2596 Artificem
569 2525 704 2610 sortita,
732 2525 833 2598 novis
859 2525 898 2596 in
924 2524 1111 2610 frontibus,
1138 2526 1271 2622 anguis

361 2690 434 2765 Sub
459 2690 545 2800 pede
570 2673 714 2765 contriti
741 2694 871 2766 victrix
898 2694 1090 2766 certamine
1117 2690 1237 2792 primo.

359 2865 504 2959 Iamque
529 2861 607 2959 pias
634 2886 774 2936 sensere
800 2889 929 2936 manus
956 2889 1044 2936 saxa
1070 2887 1212 2962 aspera:
1243 2868 1376 2939 mentis

361 3032 426 3104 Vis
453 3055 490 3104 se
515 3055 725 3106 marmoreos
752 3033 881 3104 iterum
907 3031 1051 3105 diffudit
1081 3034 1119 3105 in
1145 3043 1255 3119 artus,

360 3203 408 3273 Et
432 3226 606 3299 magnum
631 3203 775 3275 molitur
801 3227 898 3301 opus.
926 3206 1001 3276 Iam
1028 3204 1145 3277 vivere
1171 3205 1279 3279 moles

360 3370 484 3468 Coepit
510 3371 623 3444 iners:
653 3383 809 3445 reserata
837 3374 947 3446 micat
973 3375 1044 3446 iam
1070 3375 1191 3472 gratia
1218 3376 1329 3449 visus.

361 3539 479 3623 Quum
506 3539 623 3615 subito
649 3541 800 3616 cecidere
826 3569 965 3630 manus,
993 3545 1196 3644 frustraque
1222 3557 1435 3644 querentem

358 3707 451 3778 Mors
477 3708 622 3803 premit:
651 3719 806 3784 extremo
833 3711 1047 3786 clauduntur
1075 3713 1212 3787 lumina
1245 3739 1376 3788 somno.
