3246 5314
610 518 806 588 λ,.17...

202 747 406 819 Intumucre
432 745 509 832 tori,
536 745 651 820 fumat
679 746 804 820 sudore
829 731 992 833 caterva,¹

202 917 304 1012 Itque
329 914 498 1022 rqditque,
524 924 619 989 rotas
645 915 895 1013 fremitumque
921 939 965 988 ex
990 915 1111 990 ordine
1137 917 1302 1016 iungens.

201 1085 305 1158 Retia
330 1111 441 1183 quum
468 1085 586 1161 subito
611 1085 734 1160 ductor
761 1087 964 1184 speculatus
990 1086 1035 1160 ab
1061 1087 1133 1161 alto

201 1255 402 1328 Inclamans
429 1253 573 1328 dextras
600 1254 756 1330 cohibet:
784 1254 957 1353 iuxtaque
983 1263 1149 1330 natantes

203 1421 277 1495 Vix
303 1423 410 1496 costis
435 1423 579 1496 haesere
604 1423 732 1509 trabes,
760 1422 912 1520 nisuque
938 1422 1103 1521 pependit

204 1590 353 1692 Cymbe,
380 1589 486 1664 sudes
511 1601 632 1689 aptare
657 1600 775 1666 monet
798 1615 992 1689 curvosque
1017 1591 1197 1666 tridentes.

202 1763 357 1834 Feruens
382 1770 460 1835 turn
487 1786 566 1836 vero
592 1762 714 1835 nautis
740 1762 848 1835 simul
872 1761 1001 1836 emicat
1026 1762 1144 1838 ardor:

204 1930 306 2002 Retia
331 1931 512 2028 congressi
537 1956 674 2005 summo
699 1931 888 2004 certamine
914 1885 1032 2005 cuncti

207 2101 408 2187 lnmlvnnt,
432 2100 618 2198 mediaque
643 2101 712 2174 rati
738 2100 894 2174 resoluta
919 2041 1103 2173 reclinant.

142 2328 150 2343 .
211 2272 278 2343 ru
301 2269 411 2343 mara
436 2270 561 2344 oureus
588 2271 680 2345 uitro
705 2279 741 2344 a
766 2220 972 2344 arserimus
997 2270 1083 2357 ruer,

207 2438 399 2537 Multiplici
425 2438 517 2537 quod
544 2438 693 2538 praedae
718 2437 822 2511 fenus
849 2438 1006 2511 inhaesit
1032 2438 1145 2524 hiatu,

206 2607 422 2707 Adspectare
447 2609 558 2681 iuvat.
585 2611 790 2706 Promptum
816 2615 870 2680 est
897 2605 1113 2705 praediscere
1139 2607 1221 2680 visu

208 2779 345 2854 Cortice
369 2803 456 2877 quos
482 2779 580 2852 molli
607 2779 720 2852 celent
746 2777 892 2851 arbusta
918 2779 1064 2852 colores:

206 2950 277 3036 Qui
302 2973 452 3034 croceus,
482 2951 543 3049 qui
571 2950 619 3024 sit
645 2950 794 3048 pallens
820 2949 1000 3047 propicrve
1026 2949 1176 3036 rubenti,

207 3119 349 3217 Quique
373 3143 474 3194 rosae
499 3119 643 3193 simulet
669 3118 830 3216 speciem,
857 3118 1011 3191 cerasive
1037 3118 1196 3193 nitentis.

171 3267 174 3274 Δ
207 3293 342 3362 Verum
368 3289 568 3389 prodigium
594 3288 711 3374 ferme,
738 3288 828 3362 color
852 3287 1006 3386 optimus
1032 3288 1103 3374 ille,

208 3459 247 3531 Si
273 3482 344 3556 qua
370 3484 499 3532 manus
525 3459 637 3532 veluti
665 3457 818 3531 iucundo
842 3457 995 3531 molliter
1019 3465 1112 3531 ostro

209 3630 326 3701 Fucat
343 3628 438 3715 ebur,
452 3628 522 3701 ·vel
547 3627 649 3701 dulce
673 3627 809 3701 micans
835 3627 897 3700 vix
924 3627 1093 3701 subrubet
1118 3625 1249 3712 infans,
1321 3654 1375 3708 290

107 4116 137 4159 v.
152 4113 262 4162 aso-91.
280 4112 349 4164 Quae
359 4113 400 4155 hie
410 4113 565 4168 digessimus
575 4110 727 4155 corchorum
736 4116 840 4164 genera,
852 4105 888 4148 ita
898 4103 979 4159 vulgo
989 4104 1166 4146 nominantur:
1185 4097 1377 4144 &iolla-Mor-

62 4187 249 4232 terso-Rosea
264 4185 527 4230 scarletto-Rosco-
536 4184 697 4227 Ocrascolo—
707 4182 807 4230 Corace,
821 4176 863 4220 vel
878 4177 945 4220 Pelle
959 4176 982 4218 α’
990 4174 1090 4227 Aracelo.
1111 4172 1163 4216 Hoc
1178 4170 1294 4214 omnium
1308 4176 1377 4211 nunc

63 4259 285 4309 probatissimum,
301 4255 462 4299 cuiusuncia
475 4255 568 4308 Argen.
584 4253 612 4295 it.
628 4251 710 4298 CCLV
720 4250 798 4294 venit.
813 4246 921 4300 Reliqua
933 4244 1075 4295 omisimus,
1086 4252 1151 4296 quae
1166 4240 1252 4284 omnia
1266 4241 1298 4284 au
1308 4236 1377 4282 xvn

62 4339 149 4381 genera
162 4327 347 4373 recensentur.

1292 4434 1308 4485 4
