3246 5314
766 451 962 522 ...5ss-

355 677 503 751 Pressus
529 676 629 752 humi
656 676 793 752 calidus
818 677 918 752 filum
944 676 1133 777 depingere
1159 677 1271 765 fiores,

346 847 477 942 ⁴Atque
502 843 660 931 hederas,
686 855 722 920 et
745 871 848 944 poma
873 846 950 921 suis
975 845 1165 958 pendentia
1189 845 1309 932 ramiro,

355 1012 540 1113 Milliaque
565 1023 705 1090 attonso
730 1016 887 1116 crispove
911 1017 1082 1092 animalia
1109 1017 1203 1090 villo.

356 1180 485 1280 Accipe
510 1206 579 1279 quo
604 1190 724 1258 tamon
749 1184 885 1260 interea
909 1209 1080 1260 concussa
1105 1195 1260 1260 rotarum

355 1351 536 1426 Murmure
560 1360 654 1442 tecta
679 1352 845 1442 fremunt
871 1363 957 1454 quot
983 1378 1084 1432 voces
1109 1355 1218 1452 longa
1243 1353 1413 1427 volutant

359 1516 473 1592 Atria.
500 1517 664 1594 Desidiae
690 1545 761 1596 non
787 1521 846 1595 hic
870 1522 986 1596 loeus:
1013 1522 1142 1596 emicat
1167 1546 1251 1607 una,

360 1692 458 1775 Quae
482 1690 622 1789 patiens
649 1716 791 1791 operum
816 1692 937 1767 fundit
961 1717 1027 1766 sua
1052 1715 1210 1778 munera,
1237 1690 1323 1764 vita.

357 1844 413 1915 Tu
436 1841 536 1966 modo
561 1851 636 1918 tam'
661 1867 790 1941 parvae
814 1844 967 1942 pretium
992 1842 1186 1942 perdiscere
1211 1842 1357 1939 plantae
1494 1869 1559 1922 105

355 2015 435 2111 lpse
459 2022 576 2111 potes3
598 2014 704 2088 tenui
728 2015 827 2090 labor
854 2013 1099 2100 insumendus,
1126 2022 1165 2085 at
1189 2036 1350 2110 unquam
1424 2025 1429 2042 ⁸

360 2185 440 2259 Non
465 2194 591 2262 tenues
617 2187 806 2264 comitatur
830 2213 912 2287 opes
938 2197 973 2262 et
998 2187 1176 2264 commoda
1200 2186 1304 2260 vitae.

359 2354 475 2429 Oubi
500 2354 616 2431 dulcis
643 2381 747 2454 agros
774 2357 901 2432 alienis
927 2357 1110 2432 mensibus
1136 2383 1223 2430 aura

357 2527 462 2601 Veris
487 2527 562 2614 alit,
589 2551 653 2603 nec
678 2527 769 2602 dona
794 2538 905 2627 negat
930 2527 1139 2626 gratissima
1165 2527 1283 2612 tellus,

358 2700 474 2797 Oqui
501 2700 657 2798 Gossipii
683 2699 844 2778 fruticem
872 2668 1080 2798 persuadeat
1105 2697 1238 2804 almum
1490 2723 1556 2778 110

359 2871 515 2968 Largius
541 2870 707 2970 agricolis
734 2879 874 2947 nostrae
899 2869 1116 2945 committere
1140 2866 1293 2940 terraei

269 3072 271 3080 ,
359 3042 439 3115 Non
465 3039 550 3116 adeo
576 3049 751 3116 extremos
777 3041 890 3115 Italus
916 3046 1113 3138 properaret
1138 3036 1184 3112 ad
1210 3034 1314 3110 Indos

359 3210 501 3285 Semina
526 3211 739 3309 quaesitum,
766 3235 830 3284 nec
855 3211 906 3284 fili
932 3209 1063 3284 damna
1087 3208 1227 3282 timeret

360 3382 522 3469 Testilis,
549 3405 713 3458 exercens
739 3382 846 3458 dubio
871 3381 1075 3457 discrimine
1101 3388 1240 3455 sortem.

360 3553 570 3651 Gossipinas
596 3551 756 3652 equidem
782 3552 889 3650 longo
914 3549 1050 3626 sordere
1074 3549 1240 3625 tabernas
1491 3577 1556 3634 115

361 3724 509 3798 Pulvere
535 3723 702 3822 nosipsi,
728 3732 764 3799 et
788 3722 887 3798 ducti
913 3722 1118 3798 commercia
1143 3721 1195 3796 fili

361 3895 528 3972 Vidimus
554 3894 624 3970 heu
649 3918 761 3993 nuper
786 3894 917 3970 nostris
942 3893 1172 3990 languescere
1196 3889 1311 3964 terris.

211 4159 217 4170 ,
246 4062 310 4142 Ill.
361 4066 548 4140 Artificum
574 4090 666 4166 quae
690 4091 800 4141 causa
825 4089 971 4140 manum
997 4062 1171 4162 protraxit
1196 4059 1375 4134 inertem?

363 4239 536 4322 Quattuor
560 4236 672 4331 (haud
697 4237 822 4334 ignota
846 4236 979 4332 loquor)
1006 4240 1180 4331 protracta
1206 4254 1266 4328 per
1291 4253 1409 4303 annos
