3236 5306
608 471 805 539 -ul—

189 701 389 776 Verborum
416 699 476 774 sed
502 700 597 773 enim
623 722 765 774 veneres
790 697 996 798 pondusque
1021 697 1194 772 docebunt

190 872 318 968 Longe
343 869 417 970 alii
433 896 473 942 ac
500 878 542 942 tu
567 892 651 942 rere.
678 868 783 956 Cave,
810 868 860 941 mi
885 868 1027 954 Quinte,
1053 867 1227 966 loquelam

191 1045 370 1117 Enervcm
395 1041 558 1116 affectare
582 1040 779 1128 hominurn,
805 1066 893 1139 quos
919 1040 1051 1116 Tuscia
1076 1041 1208 1115 mittit:

188 1212 401 1325 Femineum
427 1212 494 1285 hac
519 1219 683 1285 teneatur
708 1209 825 1286 adhuc
849 1235 966 1310 genus
992 1235 1104 1285 ornne.
1130 1211 1276 1284 Dicaces

192 1380 407 1480 indignatur
431 1381 516 1456 item
541 1406 630 1482 quos
654 1405 737 1482 prae
764 1405 803 1456 sc
826 1382 973 1485 garrula
1000 1382 1111 1458 iactat

193 1551 427 1651 Parthenope.
453 1554 526 1628 Hos
551 1561 693 1628 tantum
721 1553 863 1653 sapiens
889 1551 955 1627 tibi
983 1577 1084 1628 sume
1108 1553 1329 1653 magistros

188 1723 289 1807 Quos
317 1723 452 1821 patriae
477 1722 595 1809 decus,
622 1722 661 1796 in
686 1722 816 1822 pingui
842 1722 925 1796 licet
949 1746 1029 1797 aere
1055 1733 1168 1810 nates,

188 1891 374 1965 Montibus
399 1915 419 1964 e
444 1891 582 1989 superis
609 1916 705 1964 nunc
730 1893 840 1965 Roma
866 1891 1004 1990 excepit
1029 1901 1186 1979 ovantes,

187 2062 271 2146 Qua
298 2059 382 2134 data
408 2070 518 2160 porta.
545 2061 675 2136 Virdm
703 2085 780 2136 sero
806 2060 858 2135 sic
883 2060 1018 2136 occidat
1043 2085 1174 2160 agmen

191 2233 268 2306 Hoc
293 2241 405 2318 vetus
431 2240 538 2330 atque
563 2229 627 2304 diu
652 2230 754 2306 nobis
780 2230 942 2305 intersit!
970 2231 1114 2318 Avitus,

187 2404 326 2476 Horum
350 2410 478 2476 nactus
503 2425 613 2500 opem,
641 2400 746 2475 rediit
771 2400 844 2476 iarn
869 2401 1018 2476 bellicus
1043 2400 1165 2494 ardor3

188 2573 337 2668 Iamque
362 2570 562 2644 renascenti
587 2571 715 2670 populo
741 2579 904 2669 terraque
930 2570 1090 2671 marique

193 2742 383 2814 Ostentare
408 2740 492 2813 licet
516 2763 608 2838 quae
631 2739 748 2838 gessit
773 2738 888 2812 fortia.
916 2737 1073 2814 Tandem

191 2906 294 2992 Quod
320 2916 490 3006 superest,
517 2915 659 2982 nostrae
684 2905 885 2981 renovanda
911 2916 966 2982 est
988 2907 1105 3006 gloria
1132 2907 1291 3007 linguae.

189 3080 267 3152 Hoc
292 3098 380 3178 opus
408 3077 574 3176 antiquos
602 3077 723 3163 socios,
750 3101 900 3176 quorum
927 3075 1069 3151 adstitit
1094 3103 1187 3151 ausu

192 3241 317 3321 Patria
342 3273 439 3321 nunc
465 3247 594 3322 iteruin
620 3246 769 3321 frontem
796 3246 960 3321 redimita
986 3273 1121 3335 corona,

191 3417 269 3488 Hoc
293 3423 413 3488 manet
437 3423 618 3490 extremus
645 3414 761 3505 lab0r3
787 3422 839 3501 ut,
865 3415 927 3513 qui
954 3415 1025 3488 iam
1052 3425 1136 3490 ante
1163 3416 1346 3489 iuventam

189 3582 287 3669 Quid
313 3585 361 3658 sit
387 3608 485 3658 amor
510 3583 645 3682 patriae
671 3594 763 3658 recte
789 3584 945 3672 docuere,
971 3586 1104 3683 quictis

194 3754 302 3826 Nunc
329 3753 445 3838 rebus,
472 3761 612 3828 nostrae
638 3753 785 3828 doceant
811 3763 970 3852 portenta
996 3754 1165 3854 loquelae.

190 3922 353 3995 Auxiliis
382 3921 451 4009 his,
478 3922 621 4009 Quinte,
648 3922 757 4009 ferox,
782 3948 893 4021 quum
919 3922 1030 3997 divite
1056 3925 1186 4023 lingua

191 4090 394 4189 Contigerit
419 4090 574 4190 primurn
601 4092 710 4166 socios
737 4092 958 4190 patriamque
983 4093 1098 4179 beare,

192 4264 313 4363 Incipe
339 4265 390 4340 sic
414 4275 534 4339 tamen
560 4265 688 4339 exilem
714 4263 912 4361 depromere
937 4287 1066 4350 vocem,
