<?xml version="1.0" encoding="UTF-8"?>
<!DOCTYPE html PUBLIC "-//W3C//DTD XHTML 1.0 Transitional//EN"
    "http://www.w3.org/TR/xhtml1/DTD/xhtml1-transitional.dtd">
<html xmlns="http://www.w3.org/1999/xhtml" xml:lang="en" lang="en">
 <head>
  <title>
</title>
<meta http-equiv="Content-Type" content="text/html;charset=utf-8" />
  <meta name='ocr-system' content='tesseract 3.04.00' />
  <meta name='ocr-capabilities' content='ocr_page ocr_carea ocr_par ocr_line ocrx_word'/>
</head>
<body>
  <div class='ocr_page' id='page_1' title='image "./franciscitranqu00moltgoog_0066.png"; bbox 0 0 3246 5314; ppageno 0'>
   <div class='ocr_carea' id='block_1_1' title="bbox 546 998 933 1074">
    <p class='ocr_par' dir='ltr' id='par_1_1' title="bbox 546 998 933 1074">
     <span class='ocr_line' id='line_1_1' title="bbox 546 998 933 1074; baseline 0.01 -6"><span class='ocrx_word' id='word_1_1' title='bbox 546 998 933 1074; x_wconf 82' lang='lat' dir='ltr'><strong>ERGASTICON</strong></span> 
     </span>
    </p>
   </div>
   <div class='ocr_carea' id='block_1_2' title="bbox 624 1343 860 1392">
    <p class='ocr_par' dir='ltr' id='par_1_2' title="bbox 624 1343 860 1392">
     <span class='ocr_line' id='line_1_2' title="bbox 624 1343 860 1392; baseline 0 -2"><span class='ocrx_word' id='word_1_2' title='bbox 624 1343 860 1392; x_wconf 78' lang='lat' dir='ltr'><strong>ARGUMENTUM</strong></span> 
     </span>
    </p>
   </div>
   <div class='ocr_carea' id='block_1_3' title="bbox 65 1553 1396 2053">
    <p class='ocr_par' dir='ltr' id='par_1_3' title="bbox 65 1553 1396 2053">
     <span class='ocr_line' id='line_1_3' title="bbox 65 1553 1395 1626; baseline 0.002 -18"><span class='ocrx_word' id='word_1_3' title='bbox 65 1556 84 1608; x_wconf 88' lang='lat'>1.</span> <span class='ocrx_word' id='word_1_4' title='bbox 105 1553 290 1609; x_wconf 79' lang='lat' dir='ltr'>Resumitur</span> <span class='ocrx_word' id='word_1_5' title='bbox 301 1558 501 1623; x_wconf 79' lang='lat' dir='ltr'><strong>argumentum</strong></span> <span class='ocrx_word' id='word_1_6' title='bbox 519 1556 553 1610; x_wconf 91' lang='lat' dir='ltr'>de</span> <span class='ocrx_word' id='word_1_7' title='bbox 566 1571 597 1610; x_wconf 89' lang='lat' dir='ltr'>re</span> <span class='ocrx_word' id='word_1_8' title='bbox 615 1556 735 1622; x_wconf 84' lang='lat' dir='ltr'>rustica,</span> <span class='ocrx_word' id='word_1_9' title='bbox 753 1559 840 1626; x_wconf 80' lang='lat' dir='ltr'>atque</span> <span class='ocrx_word' id='word_1_10' title='bbox 851 1556 1046 1610; x_wconf 87' lang='lat' dir='ltr'>instrumenta</span> <span class='ocrx_word' id='word_1_11' title='bbox 1064 1555 1268 1610; x_wconf 82' lang='lat' dir='ltr'>describuntur</span> <span class='ocrx_word' id='word_1_12' title='bbox 1286 1558 1346 1610; x_wconf 82' lang='lat' dir='ltr'>tum</span> <span class='ocrx_word' id='word_1_13' title='bbox 1359 1558 1395 1611; x_wconf 88' lang='lat' dir='ltr'>ad</span> 
     </span>
     <span class='ocr_line' id='line_1_4' title="bbox 101 1625 1396 1692; baseline 0.004 -14"><span class='ocrx_word' id='word_1_14' title='bbox 101 1626 224 1692; x_wconf 85' lang='lat' dir='ltr'>glomos</span> <span class='ocrx_word' id='word_1_15' title='bbox 239 1625 393 1680; x_wconf 88' lang='lat' dir='ltr'>seminibus</span> <span class='ocrx_word' id='word_1_16' title='bbox 407 1627 602 1692; x_wconf 81' lang='lat' dir='ltr'>secernendos,</span> <span class='ocrx_word' id='word_1_17' title='bbox 620 1630 681 1680; x_wconf 87' lang='lat' dir='ltr'>tum</span> <span class='ocrx_word' id='word_1_18' title='bbox 693 1627 728 1680; x_wconf 86' lang='lat' dir='ltr'>ad</span> <span class='ocrx_word' id='word_1_19' title='bbox 747 1627 870 1680; x_wconf 82' lang='lat' dir='ltr'>stamina</span> <span class='ocrx_word' id='word_1_20' title='bbox 883 1626 1044 1680; x_wconf 88' lang='lat' dir='ltr'>mollienda.</span> <span class='ocrx_word' id='word_1_21' title='bbox 1064 1628 1095 1681; x_wconf 93' lang='lat' dir='ltr'>Il.</span> <span class='ocrx_word' id='word_1_22' title='bbox 1117 1628 1245 1682; x_wconf 82' lang='lat' dir='ltr'>Textura</span> <span class='ocrx_word' id='word_1_23' title='bbox 1257 1645 1291 1682; x_wconf 88' lang='lat' dir='ltr'>ac</span> <span class='ocrx_word' id='word_1_24' title='bbox 1305 1644 1396 1683; x_wconf 87' lang='lat' dir='ltr'>novae</span> 
     </span>
     <span class='ocr_line' id='line_1_5' title="bbox 100 1695 1394 1770; baseline 0.005 -23"><span class='ocrx_word' id='word_1_25' title='bbox 100 1695 267 1750; x_wconf 80' lang='lat' dir='ltr'><strong>machinae</strong></span> <span class='ocrx_word' id='word_1_26' title='bbox 278 1696 479 1765; x_wconf 78' lang='lat' dir='ltr'>attinguntur3</span> <span class='ocrx_word' id='word_1_27' title='bbox 493 1699 569 1752; x_wconf 80' lang='lat' dir='ltr'>votis</span> <span class='ocrx_word' id='word_1_28' title='bbox 582 1697 744 1753; x_wconf 85' lang='lat' dir='ltr'>subiunctis</span> <span class='ocrx_word' id='word_1_29' title='bbox 758 1714 807 1768; x_wconf 93' lang='lat' dir='ltr'>pro</span> <span class='ocrx_word' id='word_1_30' title='bbox 822 1697 976 1770; x_wconf 80' lang='lat' dir='ltr'>copiosiore</span> <span class='ocrx_word' id='word_1_31' title='bbox 989 1714 1039 1768; x_wconf 88' lang='lat' dir='ltr'>per</span> <span class='ocrx_word' id='word_1_32' title='bbox 1051 1697 1160 1751; x_wconf 85' lang='lat' dir='ltr'>Italiam</span> <span class='ocrx_word' id='word_1_33' title='bbox 1175 1698 1297 1770; x_wconf 85' lang='lat' dir='ltr'>Gossipii</span> <span class='ocrx_word' id='word_1_34' title='bbox 1310 1700 1394 1769; x_wconf 88' lang='lat' dir='ltr'>plan·</span> 
     </span>
     <span class='ocr_line' id='line_1_6' title="bbox 100 1767 1395 1853; baseline 0.005 -35"><span class='ocrx_word' id='word_1_35' title='bbox 100 1767 237 1820; x_wconf 84' lang='lat' dir='ltr'>tatione.</span> <span class='ocrx_word' id='word_1_36' title='bbox 259 1767 300 1821; x_wconf 84' lang='lat'>111.</span> <span class='ocrx_word' id='word_1_37' title='bbox 319 1767 385 1821; x_wconf 93' lang='lat' dir='ltr'>Inde</span> <span class='ocrx_word' id='word_1_38' title='bbox 410 1784 547 1822; x_wconf 78' lang='lat' dir='ltr'>excursus</span> <span class='ocrx_word' id='word_1_39' title='bbox 566 1768 596 1822; x_wconf 92' lang='lat' dir='ltr'>in</span> <span class='ocrx_word' id='word_1_40' title='bbox 616 1769 748 1822; x_wconf 81' lang='lat' dir='ltr'>ultimum</span> <span class='ocrx_word' id='word_1_41' title='bbox 773 1767 860 1821; x_wconf 83' lang='lat' dir='ltr'>civile</span> <span class='ocrx_word' id='word_1_42' title='bbox 885 1767 989 1821; x_wconf 90' lang='lat' dir='ltr'>bellum</span> <span class='ocrx_word' id='word_1_43' title='bbox 1008 1768 1165 1833; x_wconf 87' lang='lat' dir='ltr'>Americae,</span> <span class='ocrx_word' id='word_1_44' title='bbox 1190 1785 1245 1838; x_wconf 90' lang='lat' dir='ltr'>quo</span> <span class='ocrx_word' id='word_1_45' title='bbox 1271 1772 1395 1853; x_wconf 82' lang='lat' dir='ltr'>tempore</span> 
     </span>
     <span class='ocr_line' id='line_1_7' title="bbox 102 1837 1394 1909; baseline 0.002 -17"><span class='ocrx_word' id='word_1_46' title='bbox 102 1837 244 1908; x_wconf 87' lang='lat' dir='ltr'>Gossipii</span> <span class='ocrx_word' id='word_1_47' title='bbox 263 1838 436 1892; x_wconf 84' lang='lat' dir='ltr'>commerciis</span> <span class='ocrx_word' id='word_1_48' title='bbox 449 1839 650 1893; x_wconf 80' lang='lat' dir='ltr'>laboravimus.</span> <span class='ocrx_word' id='word_1_49' title='bbox 669 1842 714 1895; x_wconf 90' lang='lat' dir='ltr'>IV.</span> <span class='ocrx_word' id='word_1_50' title='bbox 733 1839 804 1892; x_wconf 84' lang='lat' dir='ltr'>Huic</span> <span class='ocrx_word' id='word_1_51' title='bbox 822 1839 936 1892; x_wconf 80' lang='lat' dir='ltr'>tandem</span> <span class='ocrx_word' id='word_1_52' title='bbox 954 1838 1047 1891; x_wconf 81' lang='lat' dir='ltr'>altera</span> <span class='ocrx_word' id='word_1_53' title='bbox 1065 1839 1205 1906; x_wconf 86' lang='lat' dir='ltr'>digressio</span> <span class='ocrx_word' id='word_1_54' title='bbox 1223 1840 1394 1909; x_wconf 79' lang='lat' dir='ltr'>adiungitur</span> 
     </span>
     <span class='ocr_line' id='line_1_8' title="bbox 103 1907 1394 1979; baseline 0.005 -18"><span class='ocrx_word' id='word_1_55' title='bbox 103 1908 136 1961; x_wconf 91' lang='lat' dir='ltr'>in</span> <span class='ocrx_word' id='word_1_56' title='bbox 151 1907 351 1964; x_wconf 86' lang='lat' dir='ltr'>Maximiliani</span> <span class='ocrx_word' id='word_1_57' title='bbox 370 1907 529 1975; x_wconf 81' lang='lat' dir='ltr'>interitum,</span> <span class='ocrx_word' id='word_1_58' title='bbox 541 1910 754 1965; x_wconf 87' lang='lat' dir='ltr'>Mexicenorum</span> <span class='ocrx_word' id='word_1_59' title='bbox 773 1909 857 1964; x_wconf 86' lang='lat' dir='ltr'>electi</span> <span class='ocrx_word' id='word_1_60' title='bbox 870 1909 1058 1979; x_wconf 85' lang='lat' dir='ltr'>Imperatoris.</span> <span class='ocrx_word' id='word_1_61' title='bbox 1078 1911 1111 1964; x_wconf 87' lang='lat' dir='ltr'>V.</span> <span class='ocrx_word' id='word_1_62' title='bbox 1130 1910 1282 1966; x_wconf 79' lang='lat' dir='ltr'>Conclusio</span> <span class='ocrx_word' id='word_1_63' title='bbox 1295 1916 1324 1966; x_wconf 82' lang='lat' dir='ltr'>ei</span> <span class='ocrx_word' id='word_1_64' title='bbox 1343 1912 1394 1968; x_wconf 89' lang='lat' dir='ltr'>de-</span> 
     </span>
     <span class='ocr_line' id='line_1_9' title="bbox 101 1978 1185 2053; baseline 0.003 -22"><span class='ocrx_word' id='word_1_65' title='bbox 101 1979 223 2034; x_wconf 88' lang='lat' dir='ltr'>dicatio</span> <span class='ocrx_word' id='word_1_66' title='bbox 236 1978 378 2034; x_wconf 80' lang='lat' dir='ltr'>Carminis</span> <span class='ocrx_word' id='word_1_67' title='bbox 402 1981 539 2036; x_wconf 89' lang='lat' dir='ltr'>loachimo</span> <span class='ocrx_word' id='word_1_68' title='bbox 552 1982 690 2037; x_wconf 59' lang='lat' dir='ltr'>irimberti</span> <span class='ocrx_word' id='word_1_69' title='bbox 708 1979 940 2034; x_wconf 80' lang='lat' dir='ltr'>Florentinorum</span> <span class='ocrx_word' id='word_1_70' title='bbox 958 1979 1185 2053; x_wconf 80' lang='lat' dir='ltr'>Archiepiscopo</span> 
     </span>
    </p>
   </div>
   <div class='ocr_carea' id='block_1_4' title="bbox 137 2171 1313 2794">
    <p class='ocr_par' dir='ltr' id='par_1_4' title="bbox 137 2171 1313 2794">
     <span class='ocr_line' id='line_1_10' title="bbox 137 2171 1164 2285; baseline 0.002 -29"><span class='ocrx_word' id='word_1_71' title='bbox 137 2180 168 2256; x_wconf 88' lang='lat' dir='ltr'>l.</span> <span class='ocrx_word' id='word_1_72' title='bbox 228 2187 410 2259; x_wconf 85' lang='lat' dir='ltr'>Hactenus</span> <span class='ocrx_word' id='word_1_73' title='bbox 436 2210 599 2260; x_wconf 85' lang='lat' dir='ltr'>arvorum</span> <span class='ocrx_word' id='word_1_74' title='bbox 615 2171 742 2283; x_wconf 63' lang='lat' dir='ltr'>¹parics</span> <span class='ocrx_word' id='word_1_75' title='bbox 767 2194 802 2258; x_wconf 79' lang='lat' dir='ltr'>ct</span> <span class='ocrx_word' id='word_1_76' title='bbox 828 2209 975 2259; x_wconf 87' lang='lat' dir='ltr'>munera</span> <span class='ocrx_word' id='word_1_77' title='bbox 999 2187 1164 2285; x_wconf 88' lang='lat' dir='ltr'>prompsi.</span> 
     </span>
     <span class='ocr_line' id='line_1_11' title="bbox 232 2355 1124 2454; baseline -0.003 -24"><span class='ocrx_word' id='word_1_78' title='bbox 232 2355 411 2430; x_wconf 83' lang='lat' dir='ltr'>Carminis</span> <span class='ocrx_word' id='word_1_79' title='bbox 436 2355 536 2429; x_wconf 85' lang='lat' dir='ltr'>electi</span> <span class='ocrx_word' id='word_1_80' title='bbox 561 2379 653 2454; x_wconf 89' lang='lat' dir='ltr'>quae</span> <span class='ocrx_word' id='word_1_81' title='bbox 676 2380 758 2453; x_wconf 89' lang='lat' dir='ltr'>pars</span> <span class='ocrx_word' id='word_1_82' title='bbox 784 2362 839 2428; x_wconf 83' lang='lat' dir='ltr'>est</span> <span class='ocrx_word' id='word_1_83' title='bbox 865 2355 976 2428; x_wconf 82' lang='lat' dir='ltr'>altera</span> <span class='ocrx_word' id='word_1_84' title='bbox 1001 2355 1124 2442; x_wconf 78' lang='lat' dir='ltr'>nostri,</span> 
     </span>
     <span class='ocr_line' id='line_1_12' title="bbox 232 2523 1220 2623; baseline -0.002 -23"><span class='ocrx_word' id='word_1_85' title='bbox 232 2529 306 2600; x_wconf 90' lang='lat' dir='ltr'>Iam</span> <span class='ocrx_word' id='word_1_86' title='bbox 333 2551 429 2599; x_wconf 92' lang='lat' dir='ltr'>nunc</span> <span class='ocrx_word' id='word_1_87' title='bbox 455 2551 631 2600; x_wconf 87' lang='lat' dir='ltr'>armorum</span> <span class='ocrx_word' id='word_1_88' title='bbox 656 2523 825 2622; x_wconf 86' lang='lat' dir='ltr'>ingeniis,</span> <span class='ocrx_word' id='word_1_89' title='bbox 854 2523 884 2597; x_wconf 91' lang='lat' dir='ltr'>si</span> <span class='ocrx_word' id='word_1_90' title='bbox 911 2549 1014 2598; x_wconf 88' lang='lat' dir='ltr'>musa</span> <span class='ocrx_word' id='word_1_91' title='bbox 1040 2533 1220 2623; x_wconf 77' lang='lat' dir='ltr'>sequatur,</span> 
     </span>
     <span class='ocr_line' id='line_1_13' title="bbox 234 2692 1313 2794; baseline -0.004 -24"><span class='ocrx_word' id='word_1_92' title='bbox 234 2699 308 2770; x_wconf 86' lang='lat' dir='ltr'>Nec</span> <span class='ocrx_word' id='word_1_93' title='bbox 331 2697 429 2770; x_wconf 89' lang='lat' dir='ltr'>locus</span> <span class='ocrx_word' id='word_1_94' title='bbox 454 2695 514 2769; x_wconf 91' lang='lat' dir='ltr'>hic</span> <span class='ocrx_word' id='word_1_95' title='bbox 538 2695 670 2788; x_wconf 77' lang='lat' dir='ltr'>decrit3</span> <span class='ocrx_word' id='word_1_96' title='bbox 696 2719 849 2794; x_wconf 89' lang='lat' dir='ltr'>quonam</span> <span class='ocrx_word' id='word_1_97' title='bbox 877 2717 1001 2792; x_wconf 91' lang='lat' dir='ltr'>nempe</span> <span class='ocrx_word' id='word_1_98' title='bbox 1026 2692 1147 2769; x_wconf 89' lang='lat' dir='ltr'>ordine</span> <span class='ocrx_word' id='word_1_99' title='bbox 1175 2703 1313 2768; x_wconf 82' lang='lat' dir='ltr'>stamen</span> 
     </span>
    </p>
   </div>
   <div class='ocr_carea' id='block_1_5' title="bbox 231 2860 1396 2962">
    <p class='ocr_par' dir='ltr' id='par_1_5' title="bbox 231 2860 1396 2962">
     <span class='ocr_line' id='line_1_14' title="bbox 231 2860 1396 2962; baseline 0.001 -26"><span class='ocrx_word' id='word_1_100' title='bbox 231 2867 363 2938; x_wconf 79' lang='lat' dir='ltr'>Dextra</span> <span class='ocrx_word' id='word_1_101' title='bbox 388 2862 513 2949; x_wconf 82' lang='lat' dir='ltr'>domet,</span> <span class='ocrx_word' id='word_1_102' title='bbox 540 2872 710 2962; x_wconf 78' lang='lat' dir='ltr'>notosque</span> <span class='ocrx_word' id='word_1_103' title='bbox 734 2861 817 2935; x_wconf 89' lang='lat' dir='ltr'>dein</span> <span class='ocrx_word' id='word_1_104' title='bbox 841 2860 1002 2961; x_wconf 79' lang='lat' dir='ltr'>depeciat</span> <span class='ocrx_word' id='word_1_105' title='bbox 1028 2863 1066 2934; x_wconf 90' lang='lat' dir='ltr'>in</span> <span class='ocrx_word' id='word_1_106' title='bbox 1091 2889 1191 2938; x_wconf 89' lang='lat' dir='ltr'>usus.</span> <span class='ocrx_word' id='word_1_107' title='bbox 1269 2939 1275 2952; x_wconf 69' lang='grc'><strong>,</strong></span> <span class='ocrx_word' id='word_1_108' title='bbox 1377 2861 1396 2915; x_wconf 85' lang='lat'>5</span> 
     </span>
    </p>
   </div>
   <div class='ocr_carea' id='block_1_6' title="bbox 229 3031 1158 3150">
    <p class='ocr_par' dir='ltr' id='par_1_6' title="bbox 229 3031 1158 3150">
     <span class='ocr_line' id='line_1_15' title="bbox 229 3031 1158 3150; baseline 0 -43"><span class='ocrx_word' id='word_1_109' title='bbox 229 3037 324 3133; x_wconf 86' lang='lat' dir='ltr'>Ergo</span> <span class='ocrx_word' id='word_1_110' title='bbox 349 3034 442 3109; x_wconf 89' lang='lat' dir='ltr'>focos</span> <span class='ocrx_word' id='word_1_111' title='bbox 468 3033 578 3150; x_wconf 21' lang='lat' dir='ltr'>iuxta*</span> <span class='ocrx_word' id='word_1_112' title='bbox 597 3031 745 3132; x_wconf 82' lang='lat' dir='ltr'>tepidos,</span> <span class='ocrx_word' id='word_1_113' title='bbox 772 3057 884 3130; x_wconf 92' lang='lat' dir='ltr'>quum</span> <span class='ocrx_word' id='word_1_114' title='bbox 911 3032 1036 3106; x_wconf 82' lang='lat' dir='ltr'>cortice</span> <span class='ocrx_word' id='word_1_115' title='bbox 1064 3040 1158 3107; x_wconf 79' lang='lat' dir='ltr'>secto</span> 
     </span>
    </p>
   </div>
   <div class='ocr_carea' id='block_1_7' title="bbox 227 3200 1395 4147">
    <p class='ocr_par' dir='ltr' id='par_1_7' title="bbox 227 3200 1395 3978">
     <span class='ocr_line' id='line_1_16' title="bbox 229 3200 1277 3302; baseline -0.002 -24"><span class='ocrx_word' id='word_1_116' title='bbox 229 3208 304 3278; x_wconf 87' lang='lat' dir='ltr'>lam</span> <span class='ocrx_word' id='word_1_117' title='bbox 331 3213 476 3302; x_wconf 80' lang='lat' dir='ltr'>patuere</span> <span class='ocrx_word' id='word_1_118' title='bbox 500 3201 622 3301; x_wconf 86' lang='lat' dir='ltr'>glomi,</span> <span class='ocrx_word' id='word_1_119' title='bbox 648 3226 737 3300; x_wconf 88' lang='lat' dir='ltr'>quos</span> <span class='ocrx_word' id='word_1_120' title='bbox 763 3225 827 3274; x_wconf 92' lang='lat' dir='ltr'>ncc</span> <span class='ocrx_word' id='word_1_121' title='bbox 853 3200 942 3274; x_wconf 79' lang='lat' dir='ltr'>satis</span> <span class='ocrx_word' id='word_1_122' title='bbox 968 3201 1123 3300; x_wconf 82' lang='lat' dir='ltr'>explicat</span> <span class='ocrx_word' id='word_1_123' title='bbox 1147 3211 1277 3287; x_wconf 78' lang='lat' dir='ltr'>acsias,</span> 
     </span>
     <span class='ocr_line' id='line_1_17' title="bbox 229 3356 1200 3472; baseline -0.002 -25"><span class='ocrx_word' id='word_1_124' title='bbox 229 3374 394 3472; x_wconf 87' lang='lat' dir='ltr'>Undique</span> <span class='ocrx_word' id='word_1_125' title='bbox 419 3381 519 3472; x_wconf 80' lang='lat' dir='ltr'>tecta</span> <span class='ocrx_word' id='word_1_126' title='bbox 537 3371 637 3471; x_wconf 79' lang='lat' dir='ltr'>petii,</span> <span class='ocrx_word' id='word_1_127' title='bbox 665 3370 814 3469; x_wconf 85' lang='lat' dir='ltr'>propriis</span> <span class='ocrx_word' id='word_1_128' title='bbox 841 3369 978 3444; x_wconf 84' lang='lat' dir='ltr'>adscita</span> <span class='ocrx_word' id='word_1_129' title='bbox 1003 3356 1200 3470; x_wconf 72' lang='lat' dir='ltr'>magistris,</span> 
     </span>
     <span class='ocr_line' id='line_1_18' title="bbox 228 3541 1142 3640; baseline -0.002 -24"><span class='ocrx_word' id='word_1_130' title='bbox 228 3543 414 3617; x_wconf 84' lang='lat' dir='ltr'>Artificum</span> <span class='ocrx_word' id='word_1_131' title='bbox 440 3542 580 3615; x_wconf 87' lang='lat' dir='ltr'>diversa</span> <span class='ocrx_word' id='word_1_132' title='bbox 606 3541 738 3626; x_wconf 87' lang='lat' dir='ltr'>cohors,</span> <span class='ocrx_word' id='word_1_133' title='bbox 765 3541 933 3638; x_wconf 92' lang='lat' dir='ltr'>pucriquc</span> <span class='ocrx_word' id='word_1_134' title='bbox 961 3563 1142 3640; x_wconf 86' lang='lat' dir='ltr'>senesque,</span> 
     </span>
     <span class='ocr_line' id='line_1_19' title="bbox 232 3708 1395 3808; baseline 0.002 -24"><span class='ocrx_word' id='word_1_135' title='bbox 232 3711 499 3808; x_wconf 82' lang='lat' dir='ltr'>Succeduniquc</span> <span class='ocrx_word' id='word_1_136' title='bbox 524 3709 628 3808; x_wconf 89' lang='lat' dir='ltr'>operi,</span> <span class='ocrx_word' id='word_1_137' title='bbox 655 3708 821 3782; x_wconf 88' lang='lat' dir='ltr'>manibus</span> <span class='ocrx_word' id='word_1_138' title='bbox 847 3717 931 3782; x_wconf 84' lang='lat' dir='ltr'>nota</span> <span class='ocrx_word' id='word_1_139' title='bbox 957 3733 1056 3806; x_wconf 87' lang='lat' dir='ltr'>arma</span> <span class='ocrx_word' id='word_1_140' title='bbox 1082 3717 1258 3807; x_wconf 83' lang='lat' dir='ltr'>parantes</span> <span class='ocrx_word' id='word_1_141' title='bbox 1362 3732 1395 3786; x_wconf 90' lang='lat'>10</span> 
     </span>
     <span class='ocr_line' id='line_1_20' title="bbox 227 3876 1166 3978; baseline -0.005 -24"><span class='ocrx_word' id='word_1_142' title='bbox 227 3882 333 3954; x_wconf 91' lang='lat' dir='ltr'>Nunc</span> <span class='ocrx_word' id='word_1_143' title='bbox 357 3904 443 3978; x_wconf 82' lang='lat' dir='ltr'>age:</span> <span class='ocrx_word' id='word_1_144' title='bbox 473 3879 504 3952; x_wconf 89' lang='lat' dir='ltr'>si</span> <span class='ocrx_word' id='word_1_145' title='bbox 531 3878 661 3953; x_wconf 84' lang='lat' dir='ltr'>formas</span> <span class='ocrx_word' id='word_1_146' title='bbox 688 3879 783 3952; x_wconf 87' lang='lat' dir='ltr'>ultra</span> <span class='ocrx_word' id='word_1_147' title='bbox 810 3877 971 3974; x_wconf 81' lang='lat' dir='ltr'>viresque</span> <span class='ocrx_word' id='word_1_148' title='bbox 997 3876 1166 3975; x_wconf 86' lang='lat' dir='ltr'>loquelae,</span> 
     </span>
    </p>

    <p class='ocr_par' dir='ltr' id='par_1_8' title="bbox 227 4046 1161 4147">
     <span class='ocr_line' id='line_1_21' title="bbox 227 4046 1161 4147; baseline -0.007 -22"><span class='ocrx_word' id='word_1_149' title='bbox 227 4057 413 4125; x_wconf 86' lang='lat' dir='ltr'>Armorum</span> <span class='ocrx_word' id='word_1_150' title='bbox 440 4050 575 4123; x_wconf 85' lang='lat' dir='ltr'>valeam</span> <span class='ocrx_word' id='word_1_151' title='bbox 603 4047 752 4147; x_wconf 86' lang='lat' dir='ltr'>speciem</span> <span class='ocrx_word' id='word_1_152' title='bbox 779 4048 933 4144; x_wconf 85' lang='lat' dir='ltr'>signare,</span> <span class='ocrx_word' id='word_1_153' title='bbox 960 4046 1161 4144; x_wconf 83' lang='lat' dir='ltr'>frequentes</span> 
     </span>
    </p>
   </div>
   <div class='ocr_carea' id='block_1_8' title="bbox 227 4213 1195 4313">
    <p class='ocr_par' dir='ltr' id='par_1_9' title="bbox 227 4213 1195 4313">
     <span class='ocr_line' id='line_1_22' title="bbox 227 4213 1195 4313; baseline -0.01 -19"><span class='ocrx_word' id='word_1_154' title='bbox 227 4220 331 4294; x_wconf 87' lang='lat' dir='ltr'>Disce</span> <span class='ocrx_word' id='word_1_155' title='bbox 356 4218 495 4309; x_wconf 76' lang='lat' dir='ltr'>modos,</span> <span class='ocrx_word' id='word_1_156' title='bbox 521 4218 590 4292; x_wconf 89' lang='lat' dir='ltr'>hac</span> <span class='ocrx_word' id='word_1_157' title='bbox 615 4216 703 4292; x_wconf 85' lang='lat' dir='ltr'>forta</span> <span class='ocrx_word' id='word_1_158' title='bbox 729 4226 834 4291; x_wconf 81' lang='lat' dir='ltr'>ianus</span> <span class='ocrx_word' id='word_1_159' title='bbox 860 4215 1094 4313; x_wconf 76' lang='lat' dir='ltr'>praestantior</span> <span class='ocrx_word' id='word_1_160' title='bbox 1121 4213 1195 4287; x_wconf 86' lang='lat' dir='ltr'>iilis</span> 
     </span>
    </p>
   </div>
   <div class='ocr_carea' id='block_1_9' title="bbox 0 0 1628 5314">
    <p class='ocr_par' dir='ltr' id='par_1_10' title="bbox 0 0 1628 5314">
     <span class='ocr_line' id='line_1_23' title="bbox 0 0 1628 5314; baseline 0 1"><span class='ocrx_word' id='word_1_161' title='bbox 0 0 1628 5314; x_wconf 95' lang='lat' dir='ltr'> </span> 
     </span>
    </p>
   </div>
  </div>
 </body>
</html>
