3246 5314
766 440 937 510 -4.,

344 662 500 736 Assidue
526 663 645 752 facies,
673 666 826 767 zephyro
850 677 1018 757 metante,
1048 695 1181 758 serena,

345 835 393 904 Et
418 832 571 906 nemoris
596 858 758 908 resonare
784 845 929 910 monent
954 838 1171 927 umbracula,
1199 842 1322 916 turbae

343 1001 509 1075 Alituum
536 1027 658 1075 secura
684 1004 805 1100 quies3
819 1029 888 1078 ,me
915 1006 1060 1081 floribus
1085 1008 1179 1082 horti

305 1171 311 1190 ⁸
344 1176 442 1264 Aura
468 1168 619 1244 diversis
645 1172 811 1247 halantes
837 1174 931 1248 veris
957 1176 1081 1263 amica,

341 1342 389 1412 Et
414 1340 547 1437 passim
574 1340 694 1438 piscia,
723 1341 852 1440 depicti
877 1352 1028 1442 tergora,
1056 1344 1202 1418 alumna

342 1512 480 1606 Stagna
505 1477 674 1602 monenti
696 1511 797 1608 queis
823 1512 1022 1586 instructus
1048 1515 1286 1612 supereminet
1311 1518 1421 1591 armis
1486 1547 1522 1600 15

342 1677 521 1752 Isacidum
546 1678 631 1765 dux,
660 1681 760 1753 torva
785 1689 901 1768 tuens,
929 1691 964 1754 et
991 1681 1104 1755 fronte
1128 1683 1291 1757 bicornis.

340 1848 465 1921 Gratia
490 1857 626 1946 quanta
652 1849 738 1923 loci!
766 1850 909 1922 cuinam
933 1850 1042 1924 miser
1066 1853 1150 1924 exul
1176 1852 1338 1938 habebor,

340 2023 415 2092 Has
441 2017 542 2093 modo
567 2019 714 2092 delicias
742 2020 889 2100 sortitus
913 2044 1063 2093 munera
1089 2021 1212 2094 ruris?

304 2161 309 2172 ⁸
337 2192 482 2286 lamque
508 2212 596 2285 age:
623 2213 727 2288 quae·
740 2212 927 2263 memorem
953 2187 1072 2262 docuit
1096 2189 1247 2288 proferre
1272 2215 1450 2279 camoena,

338 2357 477 2455 Accipe,
504 2381 575 2430 n0n
601 2357 751 2444 iniussa,
777 2361 892 2443 Pater,
920 2359 1135 2431 munuscula
1161 2359 1246 2432 vati.
1478 2391 1519 2443 ρο

276 2585 283 2599 .
337 2525 504 2600 Coenosis
530 2525 670 2600 diversa
695 2525 797 2610 vadis
823 2551 926 2625 prope
951 2526 1070 2601 littora
1095 2527 1219 2625 gliscit

337 2693 529 2780 Coralium,
557 2694 671 2790 specie
698 2692 861 2767 fruticem
888 2693 1008 2767 dixere
1034 2694 1174 2792 priores

336 2865 406 2938 Olli
433 2864 464 2936 si
490 2889 561 2960 qua
586 2862 684 2950 fides,
711 2864 830 2962 posuit
855 2865 917 2962 qui
944 2863 1081 2938 foedera
1107 2865 1251 2962 plantis,

337 3035 497 3107 Tertium
523 3033 568 3107 ab
594 3034 734 3136 integro
759 3035 921 3132 relegens
948 3034 1148 3133 spectacula
1174 3033 1315 3119 formae,

335 3207 441 3277 Nunc
468 3229 549 3289 uno,
576 3205 767 3278 commixta
792 3229 920 3303 genus,
946 3204 990 3277 de
1016 3203 1150 3276 semine
1176 3203 1289 3300 proles
1472 3231 1512 3286 25

334 3380 473 3447 Aenum
498 3398 559 3472 per
585 3375 744 3473 scopulos
770 3375 901 3474 duplex
928 3375 1067 3473 agitare
1092 3372 1283 3471 profundos

239 3748 268 3791 V.
282 3746 316 3791 22.
335 3746 439 3800 Legesis
450 3755 516 3799 quae
528 3744 626 3790 Plinius
638 3746 654 3787 i.
671 3745 777 3799 xxxii,
793 3757 814 3788 c.
834 3746 1009 3800 indecoram
1024 3748 1117 3790 natura
1127 3746 1237 3798 disserit,
1253 3747 1278 3788 et
1288 3755 1351 3798 quas
1365 3745 1382 3786 i.
1393 3744 1484 3789 XXXI
1488 3749 1508 3801 ΙῚ

187 3829 207 3860 c.
224 3817 256 3868 X,
271 3814 384 3872 poeticas
399 3815 424 3856 in
441 3816 507 3856 idem
521 3814 622 3858 fabulas
637 3815 724 3858 tradit.
957 3824 961 3832 ·

238 3888 268 3930 V.
282 3886 369 3931 aii-lo.
385 3885 489 3929 Scilicet
504 3885 630 3928 Bernardo
650 3887 762 3938 lussieu,
782 3887 827 3940 qui
845 3887 940 3930 tertius
960 3888 1017 3940 post
1032 3885 1175 3930 Linnaeiim
1195 3887 1221 3928 et
1236 3884 1387 3928 Tournefort
1406 3885 1509 3927 discri-

185 3961 254 4001 mina
269 3959 362 4000 nactus
382 3938 412 3998 el
427 3955 516 4008 forma,
537 3958 563 3998 et
578 3956 641 4009 loco,
656 3967 733 4010 quem
747 3957 867 4012 singulae
881 3959 989 4002 sortitae
1003 3961 1067 4000 sunt
1086 3960 1180 4012 partes,
1196 3968 1263 4000 nova
1283 3957 1401 3999 methodo
1415 3960 1509 4004 omnia

185 4029 332 4081 plantarum
346 4035 442 4080 genera
461 4025 577 4080 digessit.
594 4027 641 4069 Hic
660 4037 741 4080 porro,
757 4027 892 4070 cuiusdam
906 4027 998 4070 medici
1018 4026 1184 4070 Massiliensis
1198 4028 1224 4070 D.
1240 4027 1382 4080 Peysonnei
1395 4028 1510 4069 senten-

183 4097 247 4140 tiam
257 4098 392 4149 sequutus,
403 4094 515 4137 asseruit
524 4095 652 4148 duplicem
663 4096 770 4140 Corallis
781 4096 862 4140 inesse
872 4098 999 4148 naturam,
1011 4096 1130 4140 animalis
1140 4095 1240 4138 scillcet
1249 4097 1275 4137 et
1289 4095 1399 4149 plantae,
1410 4095 1510 4139 cuius-

184 4169 251 4212 modi
262 4169 374 4212 monstro
389 4165 538 4220 iampridem
551 4163 671 4221 Zoopltyti
685 4167 767 4210 iecere
781 4178 878 4211 nomen.
894 4168 1085 4212 Recentioribus
1096 4169 1178 4222 igitur
1192 4167 1300 4210 maxime
1310 4167 1440 4220 probatur,
1451 4169 1509 4213 Ce-

183 4237 278 4282 rollum
293 4237 318 4279 in
333 4236 413 4279 altero
428 4235 615 4289 Zoopliytorum
629 4245 722 4290 genere
737 4237 871 4292 contineri,
885 4238 951 4290 quod
966 4238 1118 4292 Polyporum
1131 4236 1234 4279 dicitur.
