3246 5314
649 470 845 538 ..39Μ

240 697 360 771 Audet
384 697 423 769 in
449 705 646 770 extremum
671 696 822 770 tendens
848 721 942 794 vege
968 697 1073 770 littus
1099 697 1262 784 hirund0,

234 871 363 942 Vomer
389 874 505 940 verset
531 891 647 964 agree,
675 875 710 939 et
734 867 859 965 glebas
885 867 1001 966 putris
1027 866 1159 940 inertes

237 1041 393 1136 Rumpat
418 1036 521 1110 humi
546 1045 582 1109 et
608 1045 719 1111 rostro
744 1037 859 1111 sulcos
886 1036 957 1110 iam
984 1035 1119 1135 pandat
1144 1044 1269 1110 arator.

237 1213 384 1306 Integra
410 1216 488 1280 tum
514 1207 583 1280 tria
610 1207 786 1281 communi
812 1230 942 1280 memor
968 1205 1086 1280 occule
1111 1205 1208 1279 sulco

237 1378 381 1452 Semina
405 1402 477 1451 non
503 1376 613 1449 variis
640 1376 778 1475 spatiis,
804 1375 873 1448 hac
897 1375 1027 1448 limitis
1052 1383 1128 1448 arte
1351 1402 1401 1457 190

234 1551 285 1622 Ut
309 1547 424 1621 medio
450 1555 503 1620 ter
530 1546 619 1619 ferre
644 1544 766 1643 pedem
792 1545 855 1617 vix
881 1545 1026 1619 tramite
1051 1545 1177 1643 possis.

232 1719 318 1789 Mox
343 1715 486 1814 pluvias
510 1722 607 1787 orate
632 1713 738 1800 leves
765 1714 821 1786 vel
848 1714 991 1812 saepius
1018 1714 1099 1813 ipsi,

231 1882 430 1980 Agricolae,
451 1882 497 1972 ,in
521 1881 661 1956 bibulos
688 1881 855 1982 lymphas
881 1882 1040 1956 inducite
1066 1883 1191 1958 foetus.

230 2053 395 2149 Namque
421 2077 527 2124 suum
552 2076 663 2149 quum
690 2061 792 2125 sexta
818 2051 894 2125 dies
920 2052 1145 2151 compleverit
1171 2054 1298 2141 orbem,

230 2221 396 2307 Seminis,
423 2221 558 2319 eruptio
584 2221 728 2308 tunicis,
754 2222 914 2319 genitale
939 2246 1000 2322 per
1025 2247 1130 2321 agros
1345 2253 1396 2309 195

231 2394 359 2466 Fervet
384 2416 481 2490 opus.
507 2391 633 2465 Fibras
660 2392 800 2467 inverso
825 2393 955 2466 vertice
981 2393 1084 2467 radix

229 2561 428 2647 Submittit,
455 2561 588 2636 directa
612 2569 754 2660 petens:
785 2562 844 2636 sin
869 2561 972 2636 devia
998 2519 1096 2638 ¹fibris

230 2732 375 2818 Semita,
402 2740 438 2805 et
464 2732 618 2806 officiant
644 2741 797 2806 secretae
824 2759 913 2807 saxa
939 2734 1106 2822 latebrae,

227 2900 268 2973 Si
294 2924 364 2998 qua
390 2901 449 2974 via
475 2909 539 2987 est,
566 2902 659 2975 circa
684 2901 788 2975 radix
813 2911 942 2976 terram
970 2905 1084 2979 ambit
1109 2914 1275 3003 apertam.

225 3070 350 3142 Altera
376 3069 437 3143 sed
462 3080 650 3170 postquam
675 3081 864 3146 renovatae
889 3097 1032 3161 cornua¹
1047 3076 1155 3149 lunae
1339 3105 1393 3160 200

222 3245 430 3340 Apparent·
443 3242 614 3341 laxatque
641 3241 743 3316 sinus
771 3252 807 3316 et
832 3245 985 3372 parturi't
1012 3246 1146 3318 almum

225 3411 363 3486 Tenuia
388 3413 616 3487 commissum
642 3438 763 3488 semen
788 3415 949 3513 virgulta
975 3415 1042 3490 sub
1068 3442 1186 3503 auras,

226 3579 393 3654 Sarculus
419 3580 572 3678 exiguas
599 3582 741 3681 plantas
766 3607 921 3681 purgare
945 3584 1098 3658 bicornis

225 3749 387 3849 Incipiat,
414 3759 612 3850 cautusque
637 3753 762 3850 legens
788 3751 970 3851 defringat
995 3753 1132 3826 inanes.

225 3920 371 3993 Etiam
398 3920 489 3994 ridet
514 3946 610 4020 ager,
637 3924 709 3996 late
734 3945 838 4020 seges
865 3923 994 3997 emicat
1019 3925 1104 3997 alta.
1335 3951 1390 4006 205

224 4089 365 4192 Aspice,
391 4092 519 4166 messis
545 4093 621 4166 alat
645 4117 820 4191 quaenam
848 4116 927 4191 spes
953 4101 1058 4190 grata
1085 4092 1227 4165 futurae

222 4258 438 4355 Agricolam,
464 4287 585 4359 quum,
612 4287 719 4336 aurae
746 4261 881 4360 placide
906 4261 1074 4334 fluitante
1100 4285 1253 4346 susurro
