3246 5314
773 485 821 493 „-
846 394 967 512 40*-

358 623 581 767 Compositas
608 669 746 742 horrere
771 669 888 758 fibras,
916 679 1023 768 atque
1048 669 1206 768 undiquc
1233 679 1376 743 centum

359 841 403 911 Se
429 839 522 913 inter
547 838 688 912 misceri
714 840 814 913 nulla
844 840 880 911 vi
908 839 1097 912 arbuscula
1123 838 1244 912 cernit.

359 1009 459 1083 Ilicet
483 1009 581 1084 haud
607 1011 710 1084 aliter
735 1012 830 1085 laeta
856 1036 917 1109 spo
943 1010 1101 1084 fervidus
1127 1011 1236 1098 ardet,
1476 1035 1534 1089 210

354 1178 535 1277 Ancipitis
560 1179 623 1277 qui
649 1165 774 1254 martis
800 1204 910 1254 ovans
935 1179 1140 1253 discrimine
1165 1182 1286 1279 primo,

357 1348 498 1424 Gaudia
524 1358 559 1422 et
584 1358 758 1425 extremos
785 1374 903 1424 secum
930 1351 1005 1448 ipse
1031 1351 1170 1424 volutat
1194 1351 1353 1436 honores.

356 1524 427 1594 Ast
452 1521 514 1594 ubi
540 1522 741 1620 Gossipinis
767 1523 915 1597 calamis
941 1523 1014 1598 iam
1039 1523 1192 1642 fluctuet
1217 1524 1345 1608 omnis

355 1691 603 1789 Luxuriatque
628 1718 744 1766 comas
770 1693 913 1791 elapsus
940 1719 1085 1804 campus
1112 1694 1151 1766 in
1177 1694 1279 1779 altas,

350 1839 410 1932 'Ne
435 1860 588 1934 nimium
613 1861 694 1959 pius
722 1870 843 1936 auctor
869 1887 966 1936 amor
991 1863 1069 1949 tibi,
1096 1862 1231 1936 rustica
1256 1860 1379 1960 pubes,
1479 1888 1538 1942 ‘215

355 2030 499 2102 Parcere
524 2028 702 2103 forficibus
728 2030 872 2104 tandem
898 2029 1125 2129 persuadeat:
1153 2030 1223 2104 imo

356 2197 456 2282 Quod
482 2207 586 2271 notat
610 2199 681 2272 huc
706 2199 793 2273 illuc
819 2225 998 2273 summum
1024 2198 1165 2274 concide
1190 2197 1389 2296 flagellum,
1488 2185 1491 2192 ¹

353 2371 429 2440 Aut
455 2394 566 2441 uncas
593 2369 715 2444 molire
740 2395 869 2442 manus
896 2369 935 2442 in
960 2369 1106 2443 brachia
1132 2352 1273 2442 circum.
1603 2318 1610 2451 i

354 2541 450 2613 Haec
475 2539 591 2614 facilis
617 2541 754 2614 iactura
780 2540 911 2614 bonum
938 2547 1095 2612 vertetur
1120 2547 1155 2610 ct
1181 2537 1259 2635 ipsa

355 2711 398 2780 ln
423 2707 558 2794 foenus,
585 2708 761 2806 siquidem
788 2732 879 2808 quae
905 2708 961 2780 vis
987 2708 1077 2780 latet
1103 2705 1218 2779 indita
1243 2713 1370 2778 trunco
1477 2734 1539 2790 220

353 2876 489 2950 Fortior
513 2885 673 2975 erumpet
697 2886 827 2964 tenero,
855 2900 1040 2975 ramosque
1066 2873 1231 2961 retrudet,

354 3045 523 3119 Pluribus
548 3055 705 3144 optatam
731 3046 886 3121 facturos
913 3045 1090 3120 fructibus
1115 3044 1287 3119 umbram.

354 3216 473 3290 Fallor
498 3217 591 3314 ego?
616 3242 724 3348 quem
749 3217 875 3302 multa,
901 3214 1017 3301 viden,
1043 3173 1263 3288 motantibus
1289 3211 1367 3284 euri

351 3387 501 3474 Flabris‚
528 3388 601 3499 alto
627 3389 744 3461 virent
768 3387 930 3462 concussi
961 3385 1110 3458 hastilia
1135 3384 1260 3482 campi,

350 3560 398 3631 Et
421 3557 570 3631 tumidis
597 3558 723 3631 villosa
748 3557 879 3655 glomis
904 3579 995 3655 quac
1020 3555 1119 3654 copia
1144 3553 1290 3652 pendet!
1474 3581 1539 3638 225
1605 3529 1610 3561 ¹

351 3729 495 3802 Etiam
522 3729 605 3803 olim
631 3727 783 3800 nitidam
808 3752 930 3826 quum,
958 3748 1038 3798 vcrc
1063 3724 1218 3810 cadente,
1245 3722 1436 3794 iuventam

353 3900 541 3985 Exuerint,
567 3899 771 3998 pallentque
795 3896 926 3996 glomis
951 3894 1098 3969 arbusta
1124 3893 1283 3979 reclusis

353 4072 453 4142 Tunc
477 4070 591 4144 bonus
617 4068 766 4165 indulge
791 4066 923 4152 frutici,
950 4073 1024 4136 tam
1050 4063 1138 4137 dura
1164 4062 1290 4137 ferenti

350 4241 428 4313 Sole
455 4241 521 4314 sub
548 4238 691 4313 assiduo
717 4248 858 4312 tenerae
883 4234 1030 4309 fastidia
1056 4235 1160 4307 vitae.
