3236 5306
538 445 542 458 .
627 412 824 482 ..97-

205 641 252 713 Si
281 639 390 727 venit,
415 639 547 714 maiore
573 647 694 712 tamen
721 638 879 712 servabis
905 639 1065 738 adeptus.

208 812 274 884 Ne
299 811 391 885 vites
417 809 504 898 ideo,
531 809 669 908 patriae
694 810 878 908 perculsus
905 835 1031 897 amore,

206 981 253 1054 Si
281 1006 352 1080 qua
377 990 533 1068 manent,
561 981 663 1055 Italis
690 981 845 1079 prudeus
871 979 1009 1056 sancire
1035 981 1181 1056 tributa.

209 1152 312 1237 Quid
337 1117 485 1227 cessas?¹
508 1153 627 1251 plebes
653 1153 813 1228 certatim
842 1154 949 1228 solvit
974 1155 1116 1254 ubique,

211 1325 270 1398 Ut
292 1325 355 1424 qui
380 1324 481 1398 dives
506 1349 606 1424 opem
631 1324 739 1400 matri
766 1324 834 1398 fert
858 1334 996 1424 gnatus
1022 1351 1166 1424 egenae.

211 1495 304 1568 Mox
328 1502 480 1592 utraque
506 1520 616 1567 manu
642 1494 775 1568 tribuet
800 1494 945 1569 meliora
970 1497 1115 1593 petenti.
1220 1561 1222 1568 .

210 1663 286 1736 Hic
311 1685 438 1761 anceps
464 1663 600 1750 haeres,
627 1665 762 1738 veritus
788 1688 833 1738 ne
858 1665 951 1763 legis
977 1675 1019 1739 ut
1046 1675 1167 1741 auctor

217 1837 278 1906 Tu
303 1833 432 1908 subeas
457 1834 551 1908 maia
577 1832 708 1906 damna
733 1835 835 1932 prior.
862 1835 965 1921 Mihi,
992 1836 1133 1922 Quinte,
1161 1835 1292 1909 videris

214 2005 336 2076 Paene
361 2027 502 2078 recens:
530 2012 617 2078 sunt
642 2005 757 2078 multa
783 2004 924 2104 quidem
953 2029 1044 2105 quae
1070 2007 1247 2106 imponere
1263 2007 1378 2105 possis

215 2175 321 2248 Ultro
346 2152 440 2262 aliis,
469 2175 619 2274 quinte
646 2176 720 2275 ipse
747 2199 888 2275 graves.
916 2177 964 2249 Et
990 2185 1104 2250 cetera
1129 2176 1258 2264 desint,

213 2343 339 2431 Vobis,
365 2343 533 2443 praesidii
560 2333 679 2432 causa,
706 2346 907 2444 quaestoria
933 2368 1049 2420 nonne

218 2515 344 2612 Usque
367 2522 476 2615 patet,
503 2538 595 2614 quae
621 2539 685 2589 nos
710 2515 854 2613 penitus
880 2516 969 2590 latet
995 2539 1076 2588 arca
1101 2514 1292 2613 profanos?

214 2683 316 2756 Heus
341 2690 406 2756 tua
430 2682 624 2781 provideas,
652 2707 715 2757 nee
741 2683 792 2758 sis
818 2684 989 2758 infirmior
1014 2685 1130 2756 unus!

216 2853 325 2926 Recto
350 2851 460 2926 alitur
486 2853 610 2951 patria,
637 2852 773 2950 patriae
799 2853 861 2951 qui
887 2852 1047 2927 inservit.
1075 2855 1134 2938 At,
1161 2875 1228 2938 oro,

218 3020 259 3094 Si
283 3029 381 3118 potes
407 3021 575 3095 ineolumi
602 3023 699 3096 luero
725 3029 875 3096 sectator
902 3021 1061 3097 honesta.

208 3189 287 3264 'His
313 3214 397 3290 ergo
422 3192 567 3267 monitis
593 3202 786 3291 utcumque
812 3192 983 3279 imbutus,
1011 3193 1133 3279 amice,

208 3365 238 3435 Ἰ
263 3361 349 3461 pede
375 3363 446 3436 iam
474 3362 592 3438 fausto
617 3389 686 3463 quo
702 3361 747 3438 'te
776 3372 877 3438 vocat
904 3364 1041 3464 inclyta
1067 3363 1181 3450 fama,

219 3533 269 3605 Et
293 3531 377 3605 data
404 3541 527 3631 sponte
553 3533 620 3607 tibi
646 3559 757 3631 nuper
784 3533 958 3633 suffragia
983 3535 1106 3633 plebis.

220 3702 259 3774 Si
284 3701 371 3801 quid
395 3711 432 3776 te
456 3713 612 3802 tangant
638 3705 801 3787 mortalia
827 3705 993 3804 praemia,
1020 3705 1188 3778 iamnune

218 3871 440 3944 Praesentire
466 3870 574 3944 iuvet.
601 3871 759 3945 Primum
785 3872 873 3946 bene
898 3896 1043 3946 munere
1070 3873 1233 3946 functum

218 4043 268 4112 Te
295 4040 395 4116 video
421 4042 541 4115 natale
568 4043 682 4116 'solum
708 4066 879 4116 remeare:
909 4042 1056 4116 clientes

219 4211 362 4284 Nuneia
388 4211 484 4286 fama
510 4221 629 4286 vocat:
657 4221 794 4287 certant
818 4220 854 4286 te
879 4213 1000 4288 tollere
1025 4239 1140 4300 curru,
