3236 5306
743 477 939 542 —oo-

333 705 436 778 Hunc
461 701 537 776 ideo
562 702 667 775 acciri
693 701 826 786 iubeas,
855 701 885 772 si
914 701 1004 773 seria
1033 700 1100 772 fari

332 871 539 970 Contingat,
566 879 763 968 nutantque
789 871 911 944 animi.
939 870 1043 944 Certe
1072 869 1165 943 Aula
1193 868 1362 966 stupebit

333 1043 436 1116 illius
461 1042 651 1140 eloquium,
677 1067 746 1140 quo
772 1014 1113 1146 non'praestantius·
1137 1041 1263 1114 ullum.

334 1212 428 1299 Quid
455 1237 534 1286 vero
561 1213 635 1311 ipse
660 1237 781 1310 queas
808 1211 922 1310 posita
949 1209 1136 1284 formidine
1162 1209 1307 1294 mentis,

336 1382 468 1467 Dicere,
495 1406 589 1455 nunc
616 1381 710 1454 audi.
738 1383 855 1466 Quum
882 1381 946 1454 fiat
971 1380 1113 1454 Tullius
1139 1379 1228 1452 alter

335 1553 446 1637 Quem
473 1550 608 1650 patriae
634 1551 820 1649 compellat
846 1575 942 1624 emor
967 1557 1141 1648 vexetque
1166 1548 1387 1644 loquentem,

335 1719 494 1819 Egregie
519 1719 625 1807 dices,
652 1745 716 1793 neo
741 1719 796 1792 vis
823 1729 858 1794 te
882 1719 1019 1793 deseret
1044 1743 1213 1817 unquam,

338 1890 375 1963 Si
401 1915 490 1990 quos
515 1891 618 1990 luget
644 1889 761 1964 adbuc
787 1890 983 1965 eommunis
1010 1889 1124 1988 patria
1152 1889 1246 1962 cives

340 2062 484 2155 (Istrum
510 2059 762 2160 Cyrneumque
787 2066 874 2157 puta
898 2083 1017 2157 genus
1043 2069 1078 2132 et
1103 2058 1327 2152 Melitaeum)

335 2229 514 2303 Libertate
539 2229 622 2303 lieet
649 2253 726 2302 sera
751 2227 881 2302 donare
906 2225 1053 2302 labores.

337 2399 498 2485 Quidni?
523 2399 673 2474 nobilior
697 2387 749 2473 tot
774 2399 847 2472 ium
873 2407 952 2497 post
979 2399 1071 2470 secla
1097 2397 1254 2495 resurgit

244 2565 247 2572 ’
336 2571 447 2642 Roma
472 2577 588 2668 caput,
616 2569 778 2668 viresque
804 2568 906 2642 Italis
932 2577 1031 2642 stant
1055 2567 1173 2642 robore
1199 2567 1320 2666 primo.

335 2739 409 2810 Iam
435 2736 572 2810 fuimus
597 2760 777 2822 numerus,
805 2736 941 2810 fuimus
968 2736 1045 2809 sine
1071 2735 1212 2810 nomine
1238 2735 1403 2810 membra

302 2855 306 2862 ·
337 2908 537 2982 Hactenus:
564 2903 755 3004 indignata
780 2901 905 2992 iorum,
935 2905 1126 3004 indignata
1150 2905 1302 3004 ligones,

338 3077 499 3151 Mascula
524 3101 620 3151 nuuc
644 3076 760 3150 omnis
784 3075 894 3175 pubes
923 3075 1124 3175 aecingitur
1148 3075 1266 3150 armis.

337 3247 418 3320 Non
446 3247 550 3322 sociis
577 3247 642 3322 hoo
666 3256 807 3346 tempus
833 3255 926 3346 eget,
954 3256 1140 3321 centumve
1167 3246 1310 3333 carinis,

340 3415 378 3489 Si
402 3415 489 3515 quid
513 3381 614 3491 inens
640 3417 758 3516 agitat
783 3425 917 3490 veteres
944 3417 1160 3491 committere
1185 3417 1224 3488 in
1250 3399 1385 3490 hostes

339 3588 396 3658 En
422 3586 590 3661 loricatus
616 3613 683 3660 sua
709 3587 864 3661 membra
890 3587 1035 3661 Duilius
1060 3587 1168 3660 undis

338 3755 492 3844 Extulit,
520 3755 702 3831 indomitis
728 3756 817 3856 ipsis
843 3757 1032 3831 metuenda
1058 3757 1253 3832 Britannis.

340 3924 537 3999 Otandem
562 3926 730 4024 complete
758 3925 835 4012 viri,
862 3949 953 4025 quae
979 3927 1196 4025 incepimus!
1224 3927 1336 4026 Atqui

339 4094 454 4168 Multo
479 4118 566 4194 opus
593 4104 648 4170 est
672 4120 776 4170 auro:
805 4096 947 4170 scimus.
976 4097 1054 4184 Sed,
1081 4097 1198 4184 dicite,
1225 4120 1406 4197 quaenam

340 4264 503 4340 Libertas
528 4265 640 4366 pretio
666 4266 743 4340 sine
768 4290 900 4364 magno
925 4268 1024 4342 venit
1050 4269 1227 4343 honesta?
