3236 5306
789 449 982 522 ..82-

381 685 454 790 Hes
479 679 619 756 utinam
646 679 747 765 inter,
774 679 836 765 sit,
862 700 1000 776 quoque
1022 700 1080 752 me
1105 676 1163 775 pia
1188 684 1281 752 terra
1307 678 1484 752 tulisset!

381 852 455 926 Nec
479 873 593 926 more:
621 848 773 924 sublatis
799 848 869 922 imo
893 872 973 922 cunr
998 799 1134 946 pectere
1158 847 1270 945 tergis

382 1018 627 1118 Abstruanue
652 1017 760 1092 simul
785 1016 907 1105 cauda,
933 1017 1045 1094 multu
1069 1016 1181 1091 ardue
1205 1017 1332 1092 miseet

384 1190 429 1262 Se
453 1188 587 1287 populo,
613 1187 813 1286 lustratque
837 1186 926 1274 viss,
952 1187 1024 1260 late
1048 1186 1168 1262 omnia
1192 1186 1325 1262 circum
1503 1219 1559 1273 270

384 1357 581 1455 Vestigans
605 1355 727 1443 oeulis,
754 1381 801 1430 an
824 1363 917 1430 recte
941 1355 1101 1430 imitetur
1125 1364 1261 1445 euntes,

383 1526 495 1601 Crura
519 1549 663 1602 movens
688 1527 834 1612 alterna,
861 1479 976 1624 pedes,
1004 1535 1039 1602 et
1062 1527 1209 1602 brechia
1232 1527 1388 1604 iactans.

382 1695 441 1768 Ah
466 1695 649 1772 miserem!
675 1703 813 1794 torpent
837 1704 971 1770 arrecto
996 1696 1034 1768 in
1059 1717 1197 1795 corpore
1220 1698 1332 1772 vires:

383 1865 527 1962 lemque
552 1864 687 1951 labans,
715 1888 759 1940 ne
783 1865 884 1962 lapsa
910 1889 1016 1941 novos
1044 1865 1187 1940 emittet
1211 1865 1373 1955 honores,

386 2029 536 2117 Callida,
563 2040 604 2106 ut
629 2031 691 2106 ills
717 2029 823 2117 videt,
850 2031 963 2129 prima
988 2031 1033 2106 ad
1057 2031 1209 2108 divortia
1234 2033 1361 2108 tendit.
1502 2067 1555 2119 275

382 2201 458 2285 Quo
484 2201 582 2274 venit
607 2209 745 2287 temere,
772 2201 887 2276 niveis
913 2202 1110 2299 pellucidus
1135 2203 1241 2278 undis

382 2372 587 2459 Fons-erat,
613 2372 651 2446 in
678 2373 792 2472 sylvis
817 2397 921 2470 quern
947 2373 1102 2450 nondum
1128 2376 1259 2450 viserat
1283 2385 1372 2450 orta.

383 2542 541 2616 Monstra
565 2550 711 2638 stupens
737 2540 880 2628 aceedit,
906 2541 1012 2618 hians
1038 2545 1256 2642 speculatur:
1283 2545 1407 2644 imago

379 2711 497 2795 Quum
522 2709 674 2808 primum
700 2734 719 2784 e
746 2711 886 2808 speculo
911 2710 1025 2787 resilit
1049 2712 1267 2812 turpissima,
1296 2715 1538 2800 «Quisnem‘.2

333 2925 336 2933 ·
383 2880 607 2956 Inclamat:»
636 2904 747 2956 vanas
764 2889 935 2958 'metuens
961 2880 1028 2958 sub
1052 2881 1211 2981 imagine
1235 2883 1377 2971 formes,
1494 2914 1548 2969 280

385 3053 433 3128 Os
458 3050 644 3148 oculusque
668 3051 795 3149 quatit.
824 3053 924 3139 «Me,
949 3076 1016 3139 me,
1032 3054 1230 3128 'conterrita
1255 3054 1361 3141 fatur,

380 3223 438 3294 Me
465 3219 582 3312 video3
609 3245 680 3297 non
705 3220 805 3297 foeda
830 3220 916 3296 adeo
941 3220 1030 3296 mihi
1055 3231 1142 3296 nata
1167 3221 1327 3298 videbar:
1342 3249 1362 3294 r>

381 3396 586 3492 Moestsque
610 3401 687 3468 tum
714 3391 852 3467 rediens
878 3393 983 3492 sylva
1008 3416 1086 3468 sese
1111 3393 1248 3468 abdidit
1273 3395 1358 3468 alta.

385 3563 507 3638 «Fere
529 3586 610 3660 age,
636 3585 705 3660 quo
730 3560 883 3636 tendunt
906 3562 994 3638 haec
1020 3587 1162 3660 prorsus
1188 3563 1357 3638 anilie‘3»
1386 3565 1486 3642 Brito

385 3729 556 3829 Frigidus
581 3731 742 3806 innectat.
771 3729 864 3804 «Nil
890 3731 947 3828 pol
971 3729 1061 3805 mihi
1087 3731 1229 3818 elarius,
1255 3730 1424 3830 inquem3
1491 3761 1540 3818 285

385 3898 522 3972 Simioli
547 3888 686 3976 vultum
711 3899 774 3997 qui
799 3907 937 3998 turpem
963 3900 1071 3986 novit,
1098 3909 1134 3976 et
1159 3899 1266 3976 audet

387 4071 475 4140 Tam
501 4067 639 4146 foedum
665 4069 795 4146 iactare
819 4093 936 4168 genus
960 4069 1041 4154 sibi,
1068 4033 1205 4168 eollige
1219 4095 1367 4156 mecum,

364 4206 536 4315 'Stultior
561 4238 619 4315 hic
644 4238 709 4314 tibi
737 4262 851 4314 nonne
877 4237 948 4316 fero
973 4237 1199 4336 deprenditur
1225 4241 1359 4338 ipso‘l»
