3236 5306
752 499 790 506 -—
830 457 898 524 loo
928 493 977 504 -·

352 686 489 769 Nonne,
517 681 608 769 cedo,
636 684 750 757 multa
775 684 850 782 ipse
876 692 998 781 stupes
1025 681 1184 777 (fatearis
1211 691 1362 780 oportet)

352 853 541 930 Commoda
568 877 659 953 quae
686 853 828 953 penitus
855 877 1001 953 proavos
1026 854 1189 926 latuere?
1215 853 1401 926 «Fuisset

353 1027 432 1120 (Dis
458 1024 562 1098 aliter
590 1024 721 1118 visum)
749 1023 788 1095 in
813 1023 944 1097 nostris
971 1022 1058 1095 haec
1085 1022 1198 1096 visere
1225 1022 1312 1095 fatis
1327 1049 1349 1094 »

353 1172 503 1279 Diceret,
530 1216 549 1266 e
576 1192 715 1266 tumulo
742 1191 774 1265 si
799 1191 940 1290 qnando
965 1191 1101 1266 efferret
1126 1200 1245 1290 aperto

350 1363 509 1461 Quisque
536 1387 625 1460 capu
633 1371 659 1449 t,
686 1370 738 1436 tot
762 1371 869 1460 grata
895 1361 1022 1435 videns
1047 1370 1210 1460 portenta
1237 1363 1429 1461 vicesque.

351 1533 389 1606 Si
415 1541 524 1630 potae,
550 1554 757 1629 aspernare:
786 1539 907 1604 tamen
933 1555 1004 1604 non
1030 1531 1143 1605 uteris
1168 1530 1260 1616 istie,

352 1705 452 1790 Fare,
478 1701 608 1776 bonis?
634 1700 791 1786 Quoties,
816 1725 888 1799 qua
914 1700 977 1773 vix
1001 1699 1087 1798 pedo
1114 1723 1238 1798 caprea
1263 1724 1382 1797 nuper

349 1873 499 1946 Incessit
523 1872 713 1980 titubante,
741 1871 853 1945 trahit
878 1880 915 1943 te
938 1881 1019 1945 tuta
1045 1857 1234 1957 sedentem,

350 2043 614 2142 Impatiensque
640 2067 767 2131 morae,
795 2042 987 2120 substratis
1012 2042 1179 2116 machina
1204 2043 1339 2116 lamnis

349 2213 585 2311 Ignipotens?
610 2193 826 2310 Quotiesque
853 2221 974 2310 stupes
1000 2237 1059 2310 per
1084 2213 1200 2286 ahena
1226 2211 1346 2286 volare

351 2383 488 2455 Tenuia
513 2382 574 2455 fila
600 2391 711 2469 tuam,
737 2383 864 2456 electro
891 2381 1099 2469 famulante,
1124 2382 1311 2480 loquelam,

352 2553 446 2624 Dum
472 2553 578 2650 longe
604 2552 768 2626 absentes
794 2552 923 2660 absens
948 2552 1070 2626 affaris
1095 2553 1253 2627 amicos?

353 2719 453 2794 Adde
478 2745 631 2818 operum,
658 2722 823 2820 insignes
847 2731 954 2820 grata
978 2722 1146 2808 novitate,
1172 2721 1329 2814 labores,

353 2889 509 2964 Urbibus
534 2900 576 2964 ut
601 2892 701 2965 nulla
728 2892 887 2967 invideat
913 2894 1085 2968 solamina
1110 2894 1207 2968 vitae

299 3118 304 3128 ,
353 3058 568 3156 Oppidulum
595 3062 763 3159 posthac:
791 3063 927 3160 plateas
954 3062 1023 3150 hic,
1050 3072 1162 3137 strata
1188 3063 1338 3151 viarum,

350 3229 417 3301 Hic
444 3229 607 3305 salientis
633 3256 746 3330 aquae
772 3234 904 3331 passim
932 3234 1119 3332 spiracula,
1145 3235 1242 3308 floris

353 3401 477 3475 Omnis
502 3426 594 3499 opes,
620 3404 829 3502 platanique
853 3404 952 3478 vides
978 3415 1042 3517 aut
1067 3405 1160 3478 ilicis
1186 3404 1370 3478 umbram:

352 3571 400 3641 Et
425 3578 532 3643 noctu
558 3571 692 3646 occulto
717 3583 918 3671 conceptam
945 3573 1066 3648 fomite
1091 3573 1271 3664 flammam

352 3737 447 3845 Luce
473 3763 538 3812 sna
564 3741 733 3838 complere
758 3741 847 3815 vias.
874 3743 913 3815 Si
938 3742 1112 3842 quidquid
1138 3745 1236 3818 avita

351 3907 560 3992 Quaesierat
584 3909 687 3983 nobis
713 3912 910 3985 communis
935 3938 1019 3986 cura
1045 3914 1172 4011 peculi,

259 4091 274 4129 -'
351 4075 523 4172 Cogimus
549 4078 676 4152 urbani
702 4081 900 4177 squalentis
925 4083 1038 4180 plebis
1067 4083 1106 4155 in
1130 4110 1230 4172 usus,

350 4245 412 4319 Nil
439 4247 562 4322 refert:
589 4275 752 4325 nummos
779 4251 867 4324 felix
893 4277 974 4326 mox
999 4253 1104 4327 turba
1131 4262 1295 4351 nepotum
