<?xml version="1.0" encoding="UTF-8"?>
<!DOCTYPE html PUBLIC "-//W3C//DTD XHTML 1.0 Transitional//EN"
    "http://www.w3.org/TR/xhtml1/DTD/xhtml1-transitional.dtd">
<html xmlns="http://www.w3.org/1999/xhtml" xml:lang="en" lang="en">
 <head>
  <title>
</title>
<meta http-equiv="Content-Type" content="text/html;charset=utf-8" />
  <meta name='ocr-system' content='tesseract 3.04.00' />
  <meta name='ocr-capabilities' content='ocr_page ocr_carea ocr_par ocr_line ocrx_word'/>
</head>
<body>
  <div class='ocr_page' id='page_1' title='image "./franciscitranqu00moltgoog_0150.png"; bbox 0 0 3236 5306; ppageno 0'>
   <div class='ocr_carea' id='block_1_1' title="bbox 602 417 822 486">
    <p class='ocr_par' dir='ltr' id='par_1_1' title="bbox 602 417 822 486">
     <span class='ocr_line' id='line_1_1' title="bbox 602 417 822 486; baseline -0.005 0"><span class='ocrx_word' id='word_1_1' title='bbox 602 417 822 486; x_wconf 80' lang='lat'>—135-</span> 
     </span>
    </p>
   </div>
   <div class='ocr_carea' id='block_1_2' title="bbox 207 644 1195 744">
    <p class='ocr_par' dir='ltr' id='par_1_2' title="bbox 207 644 1195 744">
     <span class='ocr_line' id='line_1_2' title="bbox 207 644 1195 744; baseline 0.007 -29"><span class='ocrx_word' id='word_1_2' title='bbox 207 644 453 742; x_wconf 81' lang='lat' dir='ltr'>ingeminans,</span> <span class='ocrx_word' id='word_1_3' title='bbox 481 669 610 743; x_wconf 82' lang='lat' dir='ltr'>segnes</span> <span class='ocrx_word' id='word_1_4' title='bbox 636 644 681 718; x_wconf 90' lang='lat' dir='ltr'>ad</span> <span class='ocrx_word' id='word_1_5' title='bbox 706 669 853 719; x_wconf 88' lang='lat' dir='ltr'>mercem</span> <span class='ocrx_word' id='word_1_6' title='bbox 881 647 978 744; x_wconf 80' lang='lat' dir='ltr'>cogit</span> <span class='ocrx_word' id='word_1_7' title='bbox 1002 647 1195 722; x_wconf 79' lang='lat' dir='ltr'>emendam.</span> 
     </span>
    </p>
   </div>
   <div class='ocr_carea' id='block_1_3' title="bbox 200 821 1243 923">
    <p class='ocr_par' dir='ltr' id='par_1_3' title="bbox 200 821 1243 923">
     <span class='ocr_line' id='line_1_3' title="bbox 200 821 1243 923; baseline 0.004 -29"><span class='ocrx_word' id='word_1_8' title='bbox 200 823 350 894; x_wconf 86' lang='lat' dir='ltr'>Noctere</span> <span class='ocrx_word' id='word_1_9' title='bbox 375 845 456 920; x_wconf 90' lang='lat' dir='ltr'>pars</span> <span class='ocrx_word' id='word_1_10' title='bbox 482 821 641 896; x_wconf 81' lang='lat' dir='ltr'>calathos</span> <span class='ocrx_word' id='word_1_11' title='bbox 668 822 851 907; x_wconf 89' lang='lat' dir='ltr'>recubans,</span> <span class='ocrx_word' id='word_1_12' title='bbox 876 847 958 919; x_wconf 90' lang='lat' dir='ltr'>pars</span> <span class='ocrx_word' id='word_1_13' title='bbox 983 824 1072 896; x_wconf 87' lang='lat' dir='ltr'>retia</span> <span class='ocrx_word' id='word_1_14' title='bbox 1097 825 1243 923; x_wconf 84' lang='lat' dir='ltr'>gaudet.</span> 
     </span>
    </p>
   </div>
   <div class='ocr_carea' id='block_1_4' title="bbox 201 953 1017 1090">
    <p class='ocr_par' dir='ltr' id='par_1_4' title="bbox 201 953 1017 1090">
     <span class='ocr_line' id='line_1_4' title="bbox 201 953 1017 1090; baseline -0.001 -23"><span class='ocrx_word' id='word_1_15' title='bbox 201 992 377 1067; x_wconf 79' lang='lat' dir='ltr'>Certatim</span> <span class='ocrx_word' id='word_1_16' title='bbox 403 993 535 1066; x_wconf 87' lang='lat' dir='ltr'>siccata</span> <span class='ocrx_word' id='word_1_17' title='bbox 559 1016 684 1090; x_wconf 84' lang='lat' dir='ltr'>genas,</span> <span class='ocrx_word' id='word_1_18' title='bbox 710 993 847 1066; x_wconf 90' lang='lat' dir='ltr'>laniata</span> <span class='ocrx_word' id='word_1_19' title='bbox 872 953 1017 1090; x_wconf 84' lang='lat' dir='ltr'>capillos</span> 
     </span>
    </p>
   </div>
   <div class='ocr_carea' id='block_1_5' title="bbox 199 1137 1316 3308">
    <p class='ocr_par' dir='ltr' id='par_1_5' title="bbox 202 1137 1244 1621">
     <span class='ocr_line' id='line_1_5' title="bbox 202 1137 1123 1259; baseline 0.004 -27"><span class='ocrx_word' id='word_1_20' title='bbox 202 1161 373 1234; x_wconf 86' lang='lat' dir='ltr'>Feminea</span> <span class='ocrx_word' id='word_1_21' title='bbox 398 1160 470 1234; x_wconf 89' lang='lat' dir='ltr'>huc</span> <span class='ocrx_word' id='word_1_22' title='bbox 494 1161 580 1234; x_wconf 93' lang='lat' dir='ltr'>illuc</span> <span class='ocrx_word' id='word_1_23' title='bbox 606 1159 758 1234; x_wconf 91' lang='lat' dir='ltr'>tendunt</span> <span class='ocrx_word' id='word_1_24' title='bbox 783 1160 950 1233; x_wconf 86' lang='lat' dir='ltr'>examina</span> <span class='ocrx_word' id='word_1_25' title='bbox 975 1137 1123 1259; x_wconf 72' lang='lat' dir='ltr'>palmas</span> 
     </span>
     <span class='ocr_line' id='line_1_6' title="bbox 204 1301 1244 1432; baseline 0 -27"><span class='ocrx_word' id='word_1_26' title='bbox 204 1331 383 1431; x_wconf 87' lang='lat' dir='ltr'>Sulphure</span> <span class='ocrx_word' id='word_1_27' title='bbox 408 1356 479 1429; x_wconf 91' lang='lat' dir='ltr'>qua</span> <span class='ocrx_word' id='word_1_28' title='bbox 505 1330 653 1432; x_wconf 80' lang='lat' dir='ltr'>cyathos</span> <span class='ocrx_word' id='word_1_29' title='bbox 681 1329 819 1416; x_wconf 74' lang='lat' dir='ltr'>fluidos</span> <span class='ocrx_word' id='word_1_30' title='bbox 845 1355 917 1428; x_wconf 89' lang='lat' dir='ltr'>qua</span> <span class='ocrx_word' id='word_1_31' title='bbox 942 1339 1062 1404; x_wconf 88' lang='lat' dir='ltr'>crusta</span> <span class='ocrx_word' id='word_1_32' title='bbox 1087 1301 1244 1405; x_wconf 88' lang='lat' dir='ltr'>daturas.</span> 
     </span>
     <span class='ocr_line' id='line_1_7' title="bbox 203 1485 1082 1621; baseline -0.003 -47"><span class='ocrx_word' id='word_1_33' title='bbox 203 1501 374 1600; x_wconf 84' lang='lat' dir='ltr'>Eripiunt</span> <span class='ocrx_word' id='word_1_34' title='bbox 389 1485 523 1586; x_wconf 74' lang='lat' dir='ltr'>⁸taedae</span> <span class='ocrx_word' id='word_1_35' title='bbox 550 1508 685 1574; x_wconf 86' lang='lat' dir='ltr'>noctem</span> <span class='ocrx_word' id='word_1_36' title='bbox 710 1523 771 1598; x_wconf 87' lang='lat' dir='ltr'>per</span> <span class='ocrx_word' id='word_1_37' title='bbox 797 1498 920 1572; x_wconf 89' lang='lat' dir='ltr'>litora:</span> <span class='ocrx_word' id='word_1_38' title='bbox 951 1500 1082 1621; x_wconf 82' lang='lat' dir='ltr'>nostris</span> 
     </span>
    </p>

    <p class='ocr_par' dir='ltr' id='par_1_6' title="bbox 201 1672 1065 1784">
     <span class='ocr_line' id='line_1_8' title="bbox 201 1672 1065 1784; baseline -0.002 -37"><span class='ocrx_word' id='word_1_39' title='bbox 201 1676 352 1749; x_wconf 85' lang='lat' dir='ltr'>Fercula</span> <span class='ocrx_word' id='word_1_40' title='bbox 378 1674 514 1748; x_wconf 88' lang='lat' dir='ltr'>deliciis</span> <span class='ocrx_word' id='word_1_41' title='bbox 538 1674 608 1747; x_wconf 90' lang='lat' dir='ltr'>veli</span> <span class='ocrx_word' id='word_1_42' title='bbox 634 1672 700 1777; x_wconf 84' lang='lat' dir='ltr'>sub</span> <span class='ocrx_word' id='word_1_43' title='bbox 726 1673 885 1772; x_wconf 83' lang='lat' dir='ltr'>tegmine</span> <span class='ocrx_word' id='word_1_44' title='bbox 911 1672 1065 1784; x_wconf 82' lang='lat' dir='ltr'>odorant.</span> 
     </span>
    </p>

    <p class='ocr_par' dir='ltr' id='par_1_7' title="bbox 199 1845 1297 2644">
     <span class='ocr_line' id='line_1_9' title="bbox 201 1845 1297 1946; baseline -0.003 -26"><span class='ocrx_word' id='word_1_45' title='bbox 201 1850 251 1920; x_wconf 87' lang='lat' dir='ltr'>Et</span> <span class='ocrx_word' id='word_1_46' title='bbox 273 1847 349 1946; x_wconf 86' lang='lat' dir='ltr'>jam</span> <span class='ocrx_word' id='word_1_47' title='bbox 372 1854 479 1945; x_wconf 86' lang='lat' dir='ltr'>grata</span> <span class='ocrx_word' id='word_1_48' title='bbox 503 1846 613 1919; x_wconf 89' lang='lat' dir='ltr'>maris</span> <span class='ocrx_word' id='word_1_49' title='bbox 638 1845 814 1943; x_wconf 84' lang='lat' dir='ltr'>crepitans</span> <span class='ocrx_word' id='word_1_50' title='bbox 840 1852 942 1919; x_wconf 87' lang='lat' dir='ltr'>vocat</span> <span class='ocrx_word' id='word_1_51' title='bbox 966 1869 1054 1917; x_wconf 87' lang='lat' dir='ltr'>aura</span> <span class='ocrx_word' id='word_1_52' title='bbox 1080 1867 1140 1942; x_wconf 93' lang='lat' dir='ltr'>per</span> <span class='ocrx_word' id='word_1_53' title='bbox 1166 1845 1297 1917; x_wconf 86' lang='lat' dir='ltr'>altum:</span> 
     </span>
     <span class='ocr_line' id='line_1_10' title="bbox 201 2013 1097 2116; baseline -0.006 -25"><span class='ocrx_word' id='word_1_54' title='bbox 201 2017 362 2116; x_wconf 82' lang='lat' dir='ltr'>Exiguis</span> <span class='ocrx_word' id='word_1_55' title='bbox 386 2016 440 2089; x_wconf 86' lang='lat' dir='ltr'>nil</span> <span class='ocrx_word' id='word_1_56' title='bbox 466 2039 584 2089; x_wconf 86' lang='lat' dir='ltr'>remus</span> <span class='ocrx_word' id='word_1_57' title='bbox 609 2039 707 2112; x_wconf 90' lang='lat' dir='ltr'>opus,</span> <span class='ocrx_word' id='word_1_58' title='bbox 734 2014 786 2086; x_wconf 90' lang='lat' dir='ltr'>nil</span> <span class='ocrx_word' id='word_1_59' title='bbox 811 2021 914 2087; x_wconf 88' lang='lat' dir='ltr'>tensa</span> <span class='ocrx_word' id='word_1_60' title='bbox 939 2013 1097 2112; x_wconf 90' lang='lat' dir='ltr'>phaselis</span> 
     </span>
     <span class='ocr_line' id='line_1_11' title="bbox 201 2186 1197 2287; baseline -0.005 -24"><span class='ocrx_word' id='word_1_61' title='bbox 201 2188 379 2268; x_wconf 79' lang='lat' dir='ltr'>Carbasa:</span> <span class='ocrx_word' id='word_1_62' title='bbox 407 2186 467 2260; x_wconf 89' lang='lat' dir='ltr'>sed</span> <span class='ocrx_word' id='word_1_63' title='bbox 493 2186 656 2287; x_wconf 83' lang='lat' dir='ltr'>zephyro</span> <span class='ocrx_word' id='word_1_64' title='bbox 668 2209 809 2286; x_wconf 88' lang='lat' dir='ltr'>propere</span> <span class='ocrx_word' id='word_1_65' title='bbox 834 2186 935 2259; x_wconf 89' lang='lat' dir='ltr'>iuvat</span> <span class='ocrx_word' id='word_1_66' title='bbox 960 2187 1012 2259; x_wconf 91' lang='lat' dir='ltr'>ire</span> <span class='ocrx_word' id='word_1_67' title='bbox 1037 2186 1197 2261; x_wconf 90' lang='lat' dir='ltr'>secundo.</span> 
     </span>
     <span class='ocr_line' id='line_1_12' title="bbox 199 2310 1246 2457; baseline -0.002 -25"><span class='ocrx_word' id='word_1_68' title='bbox 199 2335 299 2432; x_wconf 84' lang='lat' dir='ltr'>Haec</span> <span class='ocrx_word' id='word_1_69' title='bbox 323 2357 446 2441; x_wconf 84' lang='lat' dir='ltr'>vitreis</span> <span class='ocrx_word' id='word_1_70' title='bbox 472 2357 593 2431; x_wconf 88' lang='lat' dir='ltr'>fluitat</span> <span class='ocrx_word' id='word_1_71' title='bbox 618 2356 777 2457; x_wconf 76' lang='lat' dir='ltr'>lymphis</span> <span class='ocrx_word' id='word_1_72' title='bbox 802 2365 945 2430; x_wconf 82' lang='lat' dir='ltr'>onerata</span> <span class='ocrx_word' id='word_1_73' title='bbox 970 2355 1124 2444; x_wconf 89' lang='lat' dir='ltr'>biremis,</span> <span class='ocrx_word' id='word_1_74' title='bbox 1242 2310 1246 2316; x_wconf 6' lang='grc' dir='ltr'>ἃ</span> 
     </span>
     <span class='ocr_line' id='line_1_13' title="bbox 201 2525 1072 2644; baseline -0.002 -42"><span class='ocrx_word' id='word_1_75' title='bbox 201 2528 391 2629; x_wconf 89' lang='lat' dir='ltr'>Pausylipi</span> <span class='ocrx_word' id='word_1_76' title='bbox 416 2535 555 2601; x_wconf 84' lang='lat' dir='ltr'>certans</span> <span class='ocrx_word' id='word_1_77' title='bbox 580 2525 732 2600; x_wconf 88' lang='lat' dir='ltr'>declives</span> <span class='ocrx_word' id='word_1_78' title='bbox 758 2535 907 2624; x_wconf 83' lang='lat' dir='ltr'>tangere</span> <span class='ocrx_word' id='word_1_79' title='bbox 932 2535 1072 2644; x_wconf 83' lang='lat' dir='ltr'>cautes:</span> 
     </span>
    </p>

    <p class='ocr_par' dir='ltr' id='par_1_8' title="bbox 199 2683 1316 3308">
     <span class='ocr_line' id='line_1_14' title="bbox 199 2683 1316 2797; baseline 0.002 -25"><span class='ocrx_word' id='word_1_80' title='bbox 199 2699 333 2774; x_wconf 81' lang='lat' dir='ltr'>Litoris</span> <span class='ocrx_word' id='word_1_81' title='bbox 357 2698 445 2772; x_wconf 88' lang='lat' dir='ltr'>haec</span> <span class='ocrx_word' id='word_1_82' title='bbox 468 2697 612 2797; x_wconf 85' lang='lat' dir='ltr'>gaudet,</span> <span class='ocrx_word' id='word_1_83' title='bbox 639 2698 788 2773; x_wconf 89' lang='lat' dir='ltr'>tremulo</span> <span class='ocrx_word' id='word_1_84' title='bbox 813 2698 881 2784; x_wconf 85' lang='lat' dir='ltr'>sub</span> <span class='ocrx_word' id='word_1_85' title='bbox 904 2683 1050 2785; x_wconf 85' lang='lat' dir='ltr'>lumine,</span> <span class='ocrx_word' id='word_1_86' title='bbox 1078 2724 1221 2774; x_wconf 89' lang='lat' dir='ltr'>cursum</span> <span class='ocrx_word' id='word_1_87' title='bbox 1308 2775 1316 2786; x_wconf 58' lang='grc'>,</span> 
     </span>
     <span class='ocr_line' id='line_1_15' title="bbox 202 2867 1252 2966; baseline -0.004 -23"><span class='ocrx_word' id='word_1_88' title='bbox 202 2869 262 2944; x_wconf 91' lang='lat' dir='ltr'>Ad</span> <span class='ocrx_word' id='word_1_89' title='bbox 288 2893 474 2943; x_wconf 88' lang='lat' dir='ltr'>numerum</span> <span class='ocrx_word' id='word_1_90' title='bbox 500 2892 675 2955; x_wconf 89' lang='lat' dir='ltr'>renovare,</span> <span class='ocrx_word' id='word_1_91' title='bbox 701 2868 788 2942; x_wconf 90' lang='lat' dir='ltr'>fides</span> <span class='ocrx_word' id='word_1_92' title='bbox 813 2867 898 2941; x_wconf 89' lang='lat' dir='ltr'>dum</span> <span class='ocrx_word' id='word_1_93' title='bbox 924 2876 1061 2966; x_wconf 88' lang='lat' dir='ltr'>pectora</span> <span class='ocrx_word' id='word_1_94' title='bbox 1087 2868 1252 2940; x_wconf 88' lang='lat' dir='ltr'>mulcent.</span> 
     </span>
     <span class='ocr_line' id='line_1_16' title="bbox 203 3036 1187 3136; baseline -0.003 -24"><span class='ocrx_word' id='word_1_95' title='bbox 203 3042 351 3136; x_wconf 90' lang='lat' dir='ltr'>Iamque</span> <span class='ocrx_word' id='word_1_96' title='bbox 377 3038 486 3112; x_wconf 88' lang='lat' dir='ltr'>satis:</span> <span class='ocrx_word' id='word_1_97' title='bbox 512 3037 631 3136; x_wconf 87' lang='lat' dir='ltr'>plebes</span> <span class='ocrx_word' id='word_1_98' title='bbox 656 3037 765 3129; x_wconf 80' lang='lat' dir='ltr'>abiit3</span> <span class='ocrx_word' id='word_1_99' title='bbox 793 3037 921 3112; x_wconf 86' lang='lat' dir='ltr'>siluere</span> <span class='ocrx_word' id='word_1_100' title='bbox 946 3036 1125 3126; x_wconf 81' lang='lat' dir='ltr'>tumultus</span> <span class='ocrx_word' id='word_1_101' title='bbox 1182 3047 1187 3055; x_wconf 82' lang='grc'><strong>’</strong></span> 
     </span>
     <span class='ocr_line' id='line_1_17' title="bbox 201 3188 1118 3308; baseline -0.007 -23"><span class='ocrx_word' id='word_1_102' title='bbox 201 3188 315 3284; x_wconf 84' lang='lat' dir='ltr'>Nocte</span> <span class='ocrx_word' id='word_1_103' title='bbox 340 3233 445 3308; x_wconf 89' lang='lat' dir='ltr'>super</span> <span class='ocrx_word' id='word_1_104' title='bbox 469 3208 594 3302; x_wconf 78' lang='lat' dir='ltr'>media.</span> <span class='ocrx_word' id='word_1_105' title='bbox 621 3207 779 3282; x_wconf 88' lang='lat' dir='ltr'>Tandem</span> <span class='ocrx_word' id='word_1_106' title='bbox 804 3207 947 3305; x_wconf 83' lang='lat' dir='ltr'>pulsata</span> <span class='ocrx_word' id='word_1_107' title='bbox 974 3229 1118 3280; x_wconf 85' lang='lat' dir='ltr'>susurro</span> 
     </span>
    </p>
   </div>
   <div class='ocr_carea' id='block_1_6' title="bbox 203 3377 1072 3456">
    <p class='ocr_par' dir='ltr' id='par_1_9' title="bbox 203 3377 1072 3456">
     <span class='ocr_line' id='line_1_18' title="bbox 203 3377 1072 3456; baseline -0.005 -2"><span class='ocrx_word' id='word_1_108' title='bbox 203 3384 300 3454; x_wconf 84' lang='lat' dir='ltr'>Saxa</span> <span class='ocrx_word' id='word_1_109' title='bbox 325 3379 396 3453; x_wconf 85' lang='lat' dir='ltr'>levi</span> <span class='ocrx_word' id='word_1_110' title='bbox 414 3378 573 3456; x_wconf 80' lang='lat' dir='ltr'>,suadent</span> <span class='ocrx_word' id='word_1_111' title='bbox 599 3380 670 3453; x_wconf 89' lang='lat' dir='ltr'>iam</span> <span class='ocrx_word' id='word_1_112' title='bbox 697 3404 772 3454; x_wconf 84' lang='lat' dir='ltr'>sero</span> <span class='ocrx_word' id='word_1_113' title='bbox 798 3377 916 3453; x_wconf 88' lang='lat' dir='ltr'>cedere</span> <span class='ocrx_word' id='word_1_114' title='bbox 942 3401 1072 3452; x_wconf 90' lang='lat' dir='ltr'>somno.</span> 
     </span>
    </p>
   </div>
   <div class='ocr_carea' id='block_1_7' title="bbox 0 0 1622 5306">
    <p class='ocr_par' dir='ltr' id='par_1_10' title="bbox 0 0 1622 5306">
     <span class='ocr_line' id='line_1_19' title="bbox 0 0 1622 5306; baseline 0 2"><span class='ocrx_word' id='word_1_115' title='bbox 0 0 1622 5306; x_wconf 95' lang='lat' dir='ltr'> </span> 
     </span>
    </p>
   </div>
  </div>
 </body>
</html>
