3248 5290
773 437 992 507 444.-

371 667 565 764 Amplexae
592 675 694 739 natos
719 666 885 740 aderant:
917 667 988 738 heu
1016 667 1135 739 nescia
1161 668 1281 740 luctus

384 881 396 906 κ
417 836 537 909 Turba
562 837 655 922 licet,
682 819 842 934 gemitus
868 838 986 910 tristis
1014 847 1049 910 et
1075 838 1152 935 ipsa
1178 837 1295 911 dabat.

370 1009 439 1078 Ast
466 1030 562 1077 nunc
588 1006 670 1079 flere
697 1007 821 1117 iuvatj
848 1032 918 1080 non
945 1008 1099 1105 amplius
1126 1008 1200 1080 ulla
1227 1007 1357 1081 doloris

417 1174 537 1249 Causa
564 1185 704 1268 manet3
730 1177 888 1261 lacrimis
915 1176 1081 1251 dulcibus
1106 1203 1167 1252 ora
1191 1180 1278 1277 rigo.

371 1348 514 1421 Etiam
541 1348 646 1421 raeda
673 1304 765 1447 rapit
793 1350 864 1422 cita
891 1373 1049 1423 mamea
1080 1358 1173 1423 tecta
1199 1359 1400 1448 petentem:

414 1519 493 1602 Qua
518 1515 603 1589 data
629 1527 739 1615 porta,
766 1528 886 1591 rotans
913 1517 1043 1615 effugit
1069 1532 1152 1590 ante
1178 1518 1279 1591 alias.

368 1687 457 1771 Quis
484 1689 621 1759 rumor!
649 1689 778 1785 longas
803 1689 996 1785 geminans
1026 1714 1131 1787 prope
1156 1688 1289 1762 fercula
1316 1715 1422 1763 voccs

415 1855 588 1930 Venditor
614 1857 659 1930 ad
685 1881 816 1969 merces
842 1858 952 1932 comis
978 1856 1076 1931 adire
1102 1858 1210 1932 iubet.

368 2026 535 2100 Sarcinae
560 2028 627 2101 iter
653 2027 778 2102 raedae
805 2027 1014 2126 impediunt,
1041 2027 1206 2125 piscaria,
1233 2030 1420 2126 plaust1·a;

418 2197 592 2270 Garrulus
618 2196 663 2268 ad
690 2220 849 2270 mensam
876 2197 1028 2294 quisque
1054 2197 1197 2294 propola
1223 2223 1337 2270 suam.

368 2369 505 2467 Rumpe
531 2391 656 2452 morae,
683 2365 729 2439 da
754 2367 828 2440 loia
854 2390 950 2464 puer,
980 2389 1062 2439 voce
1089 2375 1207 2439 utere:
1236 2389 1369 2438 merces

417 2538 492 2609 Nec
517 2535 646 2636 deerit3
672 2561 804 2633 quassa
831 2535 959 2610 fortius
985 2559 1006 2609 o
1032 2536 1215 2608 scuticam.

370 2711 484 2809 Carpe
509 2711 603 2783 viam
631 2704 796 2803 interiori
823 2718 910 2781 sunt
934 2707 1021 2780 haec
1050 2706 1256 2806 compendia
1282 2706 1411 2798 nobis;

391 2871 516 2967 'Vita
543 2880 659 2952 flexus
687 2878 807 2952 adest:
835 2847 920 2951 ilinc
945 2901 1041 2965 cave,
1070 2878 1192 2963 amice,
1219 2885 1323 2950 rotas.

368 3053 443 3122 Iam
470 3049 571 3135 satis,
598 3071 720 3122 exona
746 3048 879 3134 dexter,
908 3047 1111 3122 moderatus
1135 3047 1295 3121 habenas

421 3221 526 3293 Nunc
551 3243 692 3310 revoca;
721 3242 850 3291 merces
879 3219 965 3291 haec
985 3217 1059 3292 cibi
1086 3227 1200 3316 pacta,
1227 3219 1315 3291 valo.

369 3388 511 3461 Scilicet
536 3387 596 3461 hic
621 3396 722 3462 teneo
751 3386 894 3460 tandem
920 3411 998 3460 mea
1024 3395 1136 3459 aecta:
1164 3395 1345 3485 parantem

419 3561 490 3632 Res
515 3560 636 3645 lateat,
664 3557 801 3643 famuli,
829 3583 891 3631 vos
919 3580 1056 3655 preco1·;
1083 3557 1159 3654 ipse
1175 3556 1307 3655 loquar.

370 3731 515 3826 Iamque
540 3751 657 3801 mcum
684 3727 792 3800 tacite
818 3725 998 3824 penetrale
1025 3725 1194 3824 inopinus
1222 3725 1377 3811 adibam,

421 3897 575 3971 Nomina
602 3897 663 3969 vix
690 3896 858 3970 cohibens
883 3919 975 3993 quae
1001 3895 1070 3968 sibi
1096 3895 1205 3992 fingit
1231 3918 1337 3986 amor,

373 4039 491 4151 Quum
506 4065 636 4140 subibo
661 4076 702 4140 ut
727 4075 847 4139 contra
873 4074 986 4139 mater
1011 4064 1196 4162 conspexit
1222 4073 1377 4150 euntem,

427 4236 604 4334 Amplexu
631 4234 764 4335 trepido
790 4261 845 4308 me
870 4243 967 4309 tenet
992 4234 1173 4307 exsiliens.
1234 4313 1237 4319 ,
