3236 5306
476 899 629 1000 LUDI
660 897 911 996 PUBLICI

409 1135 541 1191 REGlAll
560 1133 683 1191 DOMUS
702 1131 996 1189 unnoUnANENsrs

240 1740 330 1825 Huc,
357 1737 418 1811 ubi
445 1745 538 1811 stare
563 1737 672 1824 video,
698 1737 833 1836 priscae
858 1760 961 1835 prope
987 1735 1112 1810 rudera
1136 1738 1257 1835 gentis

192 1909 394 1996 Herculeae,
421 1931 546 2006 regum
572 1907 645 1981 iam
668 1906 902 1981 dilectissima
926 1932 1020 2016 rura³
1048 1909 1092 2003 (l)

192 2079 365 2178 Quisquis
389 2078 473 2153 ades
499 2087 650 2164 nostras,
676 2101 740 2151 seu
764 2102 828 2152 nos
853 2101 960 2176 penos
986 2078 1112 2176 hospes
1139 2077 1286 2178 amicus,

193 2247 398 2347 Ingredere:
425 2248 511 2321 haec
539 2247 639 2322 nobis
665 2255 822 2320 veterum
849 2245 1036 2320 clementia
1061 2269 1188 2343 regum

178 2395 341 2490 'Munera
365 2424 471 2516 grata
495 2415 602 2490 dedit.
628 2417 699 2489 Fas
725 2415 784 2490 bic
808 2413 1006 2490 octobribus
1031 2413 1127 2488 horis

192 2584 338 2671 Ludere,
366 2585 397 2658 si
423 2584 556 2683 cupias,
583 2583 685 2659 festis
711 2584 856 2682 impune
880 2582 1014 2658 diebus.

195 2758 292 2829 Rura
316 2763 457 2854 patent:
483 2779 619 2829 annosa
645 2754 754 2828 simul
779 2755 891 2829 multo
917 2754 1027 2829 oblita
1056 2778 1177 2828 musco

195 2926 329 3004 Robora
353 2926 535 3025 principio,
561 2949 711 3024 quercus
737 2934 844 3024 atque
871 2925 966 2999 ilicis
992 2923 1137 2998 umbras

201 3097 415 3195 Conspicies.
442 3097 535 3170 Hinc
558 3097 653 3171 laeta
679 3097 798 3170 nitent
824 3095 1006 3181 viridaria,'
1030 3094 1149 3168 dumis

195 3267 297 3341 Illinc
324 3268 427 3368 sylva
453 3268 547 3366 riget
572 3293 642 3343 non
668 3291 827 3366 unquam
852 3269 972 3366 pervia
997 3267 1074 3353 soli,

196 3439 390 3538 Ambiguis
416 3439 566 3514 deducta
592 3441 672 3527 viis,
699 3439 743 3513 ad
768 3440 888 3515 littora
914 3463 1037 3514 versus

198 3608 365 3707 Opposita
390 3633 462 3708 qua
487 3609 600 3684 fronte
626 3609 734 3683 maris
762 3632 838 3682 sese
862 3607 982 3682 obiicit
1006 3608 1088 3682 irae.

196 3778 353 3853 Herbula
378 3781 487 3880 serpit
512 3780 623 3866 humi,
651 3778 841 3878 illuditquc
866 3777 1057 3854 coloribus:
1084 3779 1183 3852 alveo

197 3948 338 4056 Emicat
362 3949 400 4022 in
425 3948 539 4023 medio
566 3950 665 4024 saxis
690 3948 891 4024 rorantibus
917 3948 1052 4023 humor.
1153 4033 1156 4039 ,

130 4253 164 4322 (1)
184 4260 309 4305 vinatica
324 4262 385 4306 haec
400 4261 489 4306 domus
504 4261 584 4318 vulgo
602 4261 698 4306 dicitur
713 4261 840 4309 Favorito.
