3246 5314
545 919 965 1050 coelerum

962 1085 965 1092 r

631 1223 876 1272 Auessllllllrllli

81 1438 107 1490 I.
130 1435 304 1506 Propositio‚
317 1441 347 1491 et
359 1437 500 1492 dedicatio
512 1437 653 1493 Carminis
666 1440 750 1495 Xisto
762 1439 860 1496 RiarIo
873 1439 995 1512 Siortiae
1007 1439 1089 1495 Card.
1098 1439 1183 1494 Arch.
1197 1442 1256 1496 Nea
1277 1482 1293 1507 .,
1306 1442 1356 1497 hos
1376 1443 1412 1497 iti

124 1506 333 1562 benemerenti.
347 1539 381 1549 -
394 1511 424 1562 ll.
443 1508 620 1570 Coraliorum
638 1511 800 1592 descriptio.
814 1541 848 1551 -
862 1513 904 1564 lll.
924 1512 1000 1566 Iioea
1018 1511 1171 1582 praecipua
1189 1460 1309 1568 Coraiiis
1328 1461 1416 1568 coili-

125 1577 240 1644 gendis.
255 1608 289 1619 -
302 1580 348 1634 lv.
367 1578 537 1649 Cymbarum
549 1582 578 1635 et
591 1581 731 1635 Naraculi
744 1579 896 1653 descriptio
908 1580 943 1634 ad
958 1581 1072 1637 Turrim
1085 1583 1229 1636 Octavam.
1242 1613 1277 1624 -
1290 1586 1323 1639 V.
1340 1584 1412 1638 Pro·

125 1647 227 1701 sectio
242 1679 276 1689 -
297 1650 342 1703 VI.
362 1649 486 1703 Primum
506 1650 572 1716 iter,
592 1660 621 1705 et
638 1651 736 1706 variae
758 1656 912 1706 nautarum
932 1654 1031 1706 metae.
1046 1682 1080 1693 -
1093 1653 1149 1708 vll.
1168 1653 1282 1708 Retium
1301 1654 1411 1709 descri-

126 1717 201 1788 ptio.
215 1721 330 1773 -vlll
355 1721 461 1790 Libyae
486 1736 553 1775 orae
575 1721 713 1786 diversae,
738 1722 893 1793 piscationi
918 1717 1094 1790 adsignatae.
1112 1752 1147 1764 ·-
1164 1724 1211 1778 IX.
1235 1724 1412 1778 Coraliorum

127 1787 265 1858 piscatio,
279 1820 313 1830 -
325 1791 361 1844 X.
381 1790 559 1862 Multiplices
572 1792 748 1846 Coraliorum
761 1793 878 1864 species,
892 1793 981 1846 -XI
994 1795 1187 1848 Instrumenta
1199 1795 1308 1849 retibus
1320 1795 1413 1850 extri·

127 1859 232 1912 candis
258 1862 448 1915 accomodata.
463 1863 569 1916 -XII
593 1863 773 1936 piscatorum
795 1863 856 1934 otta
879 1866 908 1916 et
934 1862 1099 1939 solatia-
1115 1865 1186 1919 XIII.
1209 1865 1353 1934 Digressio
1378 1865 1412 1920 de

126 1929 310 1984 Goncharum
333 1931 492 2002 piscatione
510 1933 585 2004 apud
608 1933 699 1987 Indo's.
718 1963 753 1974 -
769 1935 842 1989 XIV.
862 1932 963 1988 Modus
987 1933 1100 1987 Goralia
1119 1934 1330 2005 expoliendi-
1347 1937 1411 1992 XV.

126 2000 259 2056 Piscatio
278 2002 445 2056 absoletur.
459 2033 494 2044 -
506 2005 579 2059 xvi.
598 2003 767 2076 cymbarum
785 2004 895 2058 reditus
914 2004 949 2057 ad
970 2003 1084 2061 Turrim
1102 2007 1247 2061 Octavam.

161 2233 192 2310 l.
245 2241 405 2326 Quonam
431 2243 600 2316 coralium
625 2243 765 2317 levibus
790 2243 895 2341 legat
914 2241 1035 2318 ordine
1060 2245 1199 2344 cymbis

244 2410 435 2484 Herculeae
460 2413 605 2511 propior,
631 2437 722 2511 gens
750 2413 848 2511 iguis
875 2423 977 2486 sueta
1003 2415 1154 2512 periclis,

244 2581 384 2679 Quique
409 2606 501 2655 nova
527 2582 566 2656 in
591 2607 708 2656 rerum
734 2591 850 2656 vertat
875 2582 1048 2656 miracula
1075 2584 1204 2670 culino,

243 2751 403 2823 Promere
428 2749 497 2824 fert
522 2751 675 2824 animus.
702 2750 849 2850 Trepide
874 2752 975 2840 mihi,
1003 2753 1118 2841 Xiste,
1145 2753 1297 2840 canenti,

245 2918 377 2990 Dexter
402 2916 506 3010 ades;
532 2918 674 3017 quande
698 2919 861 3018 profugis
888 2921 976 2994 haec
1001 2922 1074 2995 otia
1098 2921 1200 2996 nobis
1394 2951 1413 3004 5

246 3087 324 3182 Ipse
350 3084 449 3173 facis,
476 3095 647 3188 patronus
673 3113 795 3186 agens,
822 3088 884 3162 ubi
909 3072 1069 3187 proxima
1094 3099 1200 3188 ponto

246 3255 358 3350 Ignea
384 3253 584 3328 subducens
610 3256 683 3329 iate
709 3257 883 3330 Vesevius
909 3282 1005 3340 arva,

248 3421 318 3516 (Sic
342 3421 495 3521 dignum
522 3425 679 3522 Superis)
705 3423 856 3498 formosa
882 3425 1017 3523 palatia
1043 3433 1172 3513 servat,

245 3591 355 3688 Regis
381 3616 479 3690 epus.
505 3595 563 3666 Me
588 3619 685 3666 nune
710 3592 806 3680 adeo,
832 3601 896 3666 tua
923 3593 1077 3679 nemina,
1104 3592 1190 3666 coeli

141 3904 178 3949 V.
193 3901 215 3947 2.
231 3901 331 3946 Incolae
344 3900 429 3958 oppidi
441 3903 596 3954 indicantur,
611 3903 695 3947 aetate
709 3902 792 3946 media
801 3902 946 3957 nuncupati
967 3901 1056 3946 Turris
1066 3901 1177 3954 Oetaeos,
1191 3910 1261 3944 nunc
1276 3910 1336 3946 uero
1347 3902 1410 3946 vui-

81 3978 146 4034 gari
170 3973 276 4016 nomine
297 3973 368 4018 Pocae
382 3974 421 4017 del
438 3975 516 4020 droco.
536 3973 608 4028 Quod
622 3974 732 4028 quidem,
753 3976 842 4018 contra
855 3983 885 4018 ao
905 3973 1063 4028 antiquiores
1076 3965 1216 4026 senserint?
1231 3975 1289 4028 post
1307 3973 1409 4018 detecta

82 4045 191 4091 veteris
206 4041 470 4096 Herculanelrudera,
485 4043 621 4086 hodiernae
630 4043 736 4086 Retinae
745 4041 914 4096 sublucentio,
926 4041 997 4086 aliud
1011 4042 1043 4088 ab
1057 4041 1102 4085 ilio
1115 4051 1170 4085 esse
1183 4041 1336 4086 recentiores
1346 4052 1409 4086 eru-

83 4118 134 4160 diti
152 4112 276 4157 nomines
290 4112 459 4155 commumter
471 4113 598 4155 asserunt.

140 4185 176 4238 V,-
189 4181 266 4228 5-16.
281 4181 374 4225 Paucis
387 4182 542 4237 attingimus
554 4181 735 4225 amoeniiatem
752 4183 778 4224 et
791 4181 898 4224 delicies
909 4180 1041 4226 villaticae
1055 4181 1157 4234 Domus,
1169 4190 1246 4234 quem
1264 4181 1337 4226 Card.
1353 4181 1414 4236 Spi-

81 4257 149 4300 nelli
164 4254 247 4305 Neon
261 4250 338 4296 Arch.
349 4258 408 4294 sere
417 4259 463 4295 suo
473 4251 504 4294 ud
515 4251 617 4305 Turrim
626 4251 750 4295 Octavam
762 4251 930 4308 aedificatam,
937 4251 1128 4297 succesoribus
1139 4251 1408 4309 testamentoleguvit.
