3236 5306
561 1014 940 1116 VATICANUM

700 1294 799 1304 ,α-

291 1745 365 1818 Nec
390 1751 436 1830 te,
463 1743 576 1841 prima
602 1743 702 1830 mihi,
730 1743 841 1829 Siren,
868 1741 1110 1841 placidissima
1137 1739 1247 1826 sedes,

246 1913 425 1999 Laudabo
452 1922 615 1987 externos
642 1913 742 1985 tenui
768 1911 961 1986 meditatus
989 1912 1137 1986 honores
1174 1904 1177 1912 ’

248 2084 433 2175 Carminc3
460 2083 627 2157 continue
653 2082 736 2154 licet
761 2083 839 2180 ipsa
865 2107 885 2156 o
911 2108 992 2154 cara
1018 2079 1180 2154 canenti!

247 2253 327 2326 Sive
351 2276 412 2351 per
436 2253 598 2338 incertos
625 2251 778 2351 zephyro
803 2251 984 2337 volitante,
1015 2274 1188 2337 susurros

247 2425 352 2496 Mane
377 2421 480 2495 sinus
506 2421 639 2494 vitreas
664 2420 787 2518 pingis
812 2427 876 2502 tua
902 2419 1062 2518 imagine
1088 2419 1276 2518 lymphas3

249 2591 329 2664 Sive
355 2581 645 2676 subobscurum,
672 2614 782 2687 quum
809 2590 881 2662 late
906 2587 1108 2662 incenditur
1134 2589 1253 2675 astris

251 2759 441 2834 Mulcibero
466 2759 639 2845 fumante,
665 2760 782 2856 vagis,
811 2767 846 2832 et
871 2760 1006 2833 lumine
1032 2759 1141 2833 vestit

253 2929 396 3005 Dulcior
421 2929 546 3003 aethra
572 2953 636 3002 suo
662 2929 772 3003 clivos
798 2953 903 3027 prope
926 2930 1049 3004 littora
1075 2928 1206 3017 odoros

252 3101 345 3171 Dum
370 3099 534 3172 tremulis
560 3099 654 3172 elata
680 3098 789 3171 micat
813 3097 899 3172 bina
925 3098 1046 3171 insula
1073 3098 1118 3171 ab
1145 3097 1271 3172 undis:

253 3273 325 3345 Nec
350 3273 426 3346 loca
451 3279 504 3345 tot
529 3271 679 3344 lacubus
703 3271 821 3368 rigua,
848 3279 911 3343 aut
936 3271 1093 3368 pomaria
1119 3272 1207 3346 rivis

253 3439 369 3514 Uvida
395 3440 596 3528 mobilibus,
624 3440 776 3514 formosa
802 3449 867 3513 aut
893 3448 1006 3513 strata
1032 3441 1183 3528 viarum,

256 3609 506 3697 Assiduumve,
533 3611 600 3685 tibi
625 3635 717 3709 quae
742 3611 806 3683 uni
833 3620 888 3684 est
914 3609 998 3684 data
1022 3612 1154 3708 gratia,
1191 3613 1315 3686 risum.

256 3785 323 3854 Ast
348 3781 422 3854 iam
447 3805 606 3878 quaeque
632 3782 748 3854 virum
775 3781 995 3854 circumdant
1021 3781 1205 3855 moenibus
1232 3807 1328 3856 arces

259 3953 429 4046 Septenae
454 3960 682 4023 monumenta
711 3951 797 4037 suis,
825 3973 1036 4048 operumque
1061 3950 1208 4038 labores

257 4120 313 4190 Me
338 4127 445 4216 grata
470 4128 615 4192 tenuere
640 4145 754 4194 mora:
782 4121 884 4218 queis
905 4120 984 4192 alta
1010 4122 1164 4193 Senatus

258 4287 355 4374 lura,
382 4287 630 4384 magistratus,
658 4289 787 4363 veteris
813 4296 1041 4362 monumenta
1068 4289 1200 4362 theatri
