3236 5306
815 473 1035 546 „124-

413 712 630 790 Jamdudum
656 733 800 795 cessere,
828 708 893 783 lori
919 717 955 781 et
980 727 1114 780 cessere
1140 702 1344 791 columnae3

411 888 458 959 Et
485 892 588 956 vetus
615 843 710 953 unde
737 887 849 964 satus,
876 899 1020 951 romana
1045 871 1193 973 palatia,
1220 894 1347 968 regum

411 1051 589 1151 Sanguis:
617 1048 836 1125 Coelicuhlm
861 1045 898 1118 vi
923 1042 1140 1140 retrolapsa
1165 1049 1319 1139 tropaea.

412 1225 519 1297 Nunc
544 1221 643 1294 venit
669 1220 706 1291 in
733 1217 825 1292 votis
851 1217 951 1291 collis
979 1213 1098 1312 magis
1123 1211 1289 1286 omnibus
1315 1234 1406 1283 unus

412 1394 607 1480 Fatidicus,
634 1391 696 1491 qui
723 1391 837 1464 almae
864 1387 1026 1486 spatians
1046 1381 1291 1500 supereminet
1316 1377 1409 1454 Urbi.

410 1565 473 1638 Nil
499 1563 602 1661 vulgi
629 1561 688 1634 hic
713 1560 811 1633 auris
836 1556 1025 1631 fallacibus
1051 1578 1124 1627 una
1150 1553 1331 1638 Quiritum

409 1733 539 1818 Gloria,
566 1731 619 1803 nil
646 1728 782 1828 opibuS,
809 1727 862 1801 nil
887 1725 1006 1799 saevis
1035 1732 1140 1797 aucta
1165 1721 1377 1820 triumphis;

408 1905 485 1988 Quo
512 1909 609 1974 tenet
636 1853 819 1973 aeternum
845 1899 973 1970 Petrus
998 1917 1059 1992 per
1086 1893 1228 1968 saecula
1254 1913 1389 1964 nomen.

409 2073 561 2146 Eminus
587 2049 775 2144 adversum
802 2067 1021 2167 (geminatur
1044 2067 1211 2162 namque)
1237 2060 1387 2160 patescit

409 2243 570 2318 Porticus
597 2241 635 2313 in
661 2266 814 2340 gyrum:
841 2249 996 2312 tenuans
1022 2235 1217 2336 aegyptius
1243 2233 1318 2307 alta

410 2412 578 2486 Culmina
604 2410 791 2521 consurgit
814 2408 941 2482 mediis
967 2407 1142 2483 obeliscus
1168 2403 1297 2478 arenis.

409 2579 593 2654 Candidus
619 2579 677 2652 hic
705 2579 780 2652 rivo
806 2578 955 2651 saliente
980 2577 1231 2651 immurmurat
1256 2574 1392 2658 humor,

409 2750 664 2850 Subiectaeque
690 2750 761 2822 levi
789 2757 957 2846 spumant
982 2746 1171 2845 aspergine
1196 2744 1359 2819 conchae.

408 2923 553 3018 Iamque
579 2918 726 2994 adsum:
755 2918 890 2993 foribus
915 2917 1038 3017 quinis
1062 2915 1230 2990 instridet
1256 2914 1383 2989 ahenis

409 3087 541 3180 Cardo,
568 3097 646 3162 tum
674 3088 815 3187 stupido
841 3087 1047 3187 panduntur
1071 3087 1199 3161 limina
1223 3086 1315 3160 visu.

408 3257 602 3331 Delubrum
629 3259 686 3331 ala
711 3258 787 3356 pari
814 3257 1038 3334 discriminat
1062 3258 1184 3334 ordine
1209 3258 1327 3349 trina;

409 3427 585 3502 Daedalea
610 3438 753 3503 centum
778 3430 951 3503 collucent
977 3437 1052 3502 arte
1077 3429 1271 3514 columnae,

408 3598 548 3672 Moenia
574 3622 682 3696 pone;
708 3599 810 3672 novis
836 3599 967 3672 ludunt
993 3608 1133 3679 asarota
1159 3598 1298 3696 figuris.

405 3765 597 3864 Splendida
625 3766 816 3841 maeandro
840 3777 1000 3841 conserta
1030 3768 1155 3842 aulaea
1181 3776 1368 3841 recurrunt

405 3937 633 4028 Fornicibus3
659 3937 874 4037 passimque,
900 3938 981 4011 olim
1009 3938 1071 4036 qui
1098 3938 1212 4036 prima
1236 3961 1297 4036 per
1322 3939 1435 4013 orbem

406 4108 511 4178 Sacra
537 4108 649 4180 tulere
677 4109 765 4194 Viri,
794 4109 945 4206 spiranti
972 4103 1016 4180 in,
1036 4132 1207 4182 marmore
1234 4108 1378 4182 sistunt.

407 4276 544 4347 interea
571 4275 697 4360 media,
725 4301 788 4349 ceu
815 4302 915 4351 mous
942 4277 1119 4362 immania,
1147 4276 1185 4347 in
1213 4275 1296 4348 aedo
