3236 5306
199 696 338 793 Quippe
364 719 427 768 neo
453 695 526 768 una
552 695 660 767 minis
686 695 824 768 accedet
850 693 981 768 femina
1007 694 1052 767 ad
1078 721 1214 782 urnam,
1306 719 1360 778 245

197 865 283 938 Non
308 865 432 949 senior,
461 873 601 950 nasuta,
627 864 743 938 brevis
769 865 865 964 pede,
891 865 1048 964 gibbam,
1076 865 1217 965 lippa».

195 1037 316 1110 Multa
342 1035 424 1120 alia,
452 1035 516 1108 hoc
540 1058 667 1132 genus,
695 1034 734 1108 in
760 1035 887 1107 faciem
911 1058 1092 1133 morasque
1118 1035 1253 1109 iocatus

198 1204 350 1290 Simioli,
378 1203 527 1277 stultum
556 1212 655 1276 ratus
682 1227 919 1301 expugnasse,
947 1201 1135 1278 secundae

195 1377 306 1448 Poma
332 1373 441 1446 silens
467 1395 609 1446 mensae
634 1371 798 1446 libabam.
825 1372 922 1446 Brito
948 1397 1089 1472 rogare-

201 1549 295 1618 Acer
319 1543 363 1618 ab
388 1543 545 1640 integro:
575 1542 673 1616 «Sed
699 1567 815 1618 nonne
842 1544 1023 1617 simillima
1049 1543 1149 1618 nobis
1307 1571 1360 1626 250

203 1713 344 1786 Simia?
369 1737 484 1788 nonne
510 1737 592 1788 suos
617 1722 801 1812 praestans
826 1713 946 1787 infusa
973 1737 1032 1812 per
1057 1724 1156 1788 artus

197 1887 302 1958 Mens
328 1884 567 1982 animusque?
591 1887 708 1957 Tuum
733 1885 883 1992 nimium
909 1884 1036 1959 delirat
1061 1901 1219 1970 acumen,

201 2058 258 2128 Da
283 2055 432 2140 veniam,
458 2079 598 2154 quaeso,
626 2054 773 2153 siquod
800 2078 981 2129 commune
1007 2055 1138 2128 creavit

204 2225 437 2322 Omniparens
463 2234 592 2298 natura
616 2247 742 2322 genus,
770 2225 956 2322 seiungere
980 2233 1136 2297 certas».

201 2393 328 2477 «Quid
354 2393 464 2467 facias
491 2393 572 2467 illi?
596 2393 716 2467 forsan
740 2402 857 2467 tecum
883 2395 957 2493 ipse
983 2394 1133 2478 volutas,
1306 2421 1360 2475 255

201 2565 260 2636 Me
285 2563 474 2663 Hippolyte
499 2564 689 2638 incusans:
716 2587 854 2662 operam
880 2589 942 2636 cur
968 2562 1081 2636 sumis
1107 2562 1277 2636 inanem?

199 2734 322 2807 Bestia
348 2733 378 2806 si
403 2758 562 2832 prorsum
588 2733 662 2832 ipse
687 2731 755 2806 sibi
782 2732 833 2804 sie
858 2739 980 2830 sponte
1006 2729 1155 2815 videtur,

200 2903 300 2988 Quod
317 2904 404 2976 velit
420 2927 497 2976 esse
514 2902 595 2976 iube
608 2930 639 2976 a.
668 2900 803 2974 «Haud
823 2901 926 2975 aliter
942 2925 998 2975 me
1015 2899 1114 2974 crede
1131 2901 1289 2974 locutum
1301 2926 1332 2972 ».

202 3074 315 3146 «Non
340 3081 488 3171 patruus
513 3071 580 3146 tibi
597 3095 664 3158 ero,
691 3072 847 3169 inquam,
874 3071 941 3144 rite
966 3079 1028 3144 tuo
1052 3079 1151 3142 utere
1175 3043 1262 3156 iure,

200 3244 334 3316 Necte
359 3241 448 3316 dura
474 3240 609 3328 docens,
636 3242 836 3340 sapientum
861 3249 1017 3326 octavus,
1045 3239 1151 3313 adivi.
1306 3266 1361 3321 260

200 3417 280 3489 Huc
304 3424 434 3501 tamen,
461 3415 532 3487 heu
558 3412 698 3512 pudeat,
725 3413 799 3485 vivi
825 3411 1049 3509 pervenimus
1076 3411 1160 3504 (ista

202 3583 301 3657 Tolle
325 3607 476 3669 memor,
491 3583 682 3681 cohibeque
708 3563 792 3677 iras)
819 3589 861 3654 ut
886 3581 990 3654 simia
1017 3579 1117 3654 nobis

204 3754 353 3850 Ingenio
378 3760 539 3851 praestet.
566 3751 604 3825 Si
630 3752 774 3850 ignoras
799 3750 916 3848 accipe
941 3747 1123 3847 pulchram

148 3977 154 3991 .
206 3923 263 3994 Ex
289 3944 325 3993 re
351 3920 524 3999 fabellam.
539 3921 682 4006 ¹Patriis
707 3944 726 3994 e
752 3918 904 3994 saltibus
930 3919 1025 4005 olim,

207 4092 372 4188 Egressa,
399 4100 441 4165 ut
466 4091 587 4178 fertur,
614 4091 726 4166 subiit
750 4089 908 4188 magalia
932 4096 1074 4186 reptans
1307 4115 1360 4170 265

208 4262 338 4334 Simia:
366 4271 465 4336 muta
491 4272 609 4360 stupet
635 4271 819 4358 motusque
844 4258 1081 4355 hominesque.
1109 4259 1253 4330 Beatam

1256 4429 1288 4482 12
