3236 5306
646 471 844 541 „77„.

240 680 402 753 lnsanire
427 703 501 754 reor
527 688 698 778 quotquot
724 704 899 755 secernere
925 680 1028 755 falsis

236 853 330 923 Vera
355 859 502 949 putant:
528 851 652 950 gnatis
679 851 793 924 virtus
818 859 873 926 est
898 850 1009 924 insita
1034 860 1185 950 patrum.
1347 881 1397 934 160

234 1021 273 1093 Si
298 1021 485 1120 loquimur,
511 1019 564 1092 nil
589 1019 655 1094 hoc
681 1019 805 1094 refert:
833 1044 916 1092 nam
943 1043 1046 1118 saepe
1070 1021 1209 1119 loquela

235 1189 351 1263 Verba
377 1188 463 1264 serit
487 1199 607 1264 nostra
632 1188 834 1263 modulatus
858 1186 1043 1286 psittacus.
1069 1190 1174 1286 Ergo
1287 1298 1289 1307 Ι

237 1358 472 1434 Ohominum
499 1357 740 1458 pecudumque
764 1381 892 1456 genus,
918 1381 1124 1432 renovemus
1150 1361 1304 1432 amores!

237 1526 331 1601 Scire
356 1526 458 1600 nefas
482 1551 573 1626 quae
599 1527 670 1601 iam
697 1525 839 1612 fuerint,
865 1549 956 1625 quae
980 1526 1056 1600 fata
1081 1528 1270 1626 supersint,

236 1697 370 1795 Siqua
394 1705 549 1784 manent,
575 1696 687 1771 nobis.
713 1697 831 1782 Quum
856 1696 988 1770 nostris
1013 1696 1143 1770 ultima
1170 1698 1274 1772 terris
1346 1725 1396 1780 165

235 1865 401 1940 Excessit
426 1866 594 1938 scelerum
621 1864 739 1951 facies,
767 1889 837 1938 non
862 1865 1015 1963 amplius
1041 1865 1138 1939 ullus

238 2034 315 2107 Nos
340 2041 438 2118 tenet
462 2033 603 2132 argenti
629 2033 801 2132 splendor,
826 2033 1053 2132 despeximus
1080 2059 1218 2122 aurum,

238 2199 356 2283 Quum
382 2198 521 2273 miseris
546 2197 684 2273 rediens
713 2198 882 2274 foecundo
906 2200 1004 2298 copia
1030 2225 1136 2274 cornu

241 2367 377 2442 Fundit
401 2393 493 2466 opes
519 2378 555 2442 et
579 2394 667 2468 quos
692 2368 789 2443 acuit
815 2369 911 2444 furor
935 2379 1041 2443 antea
1066 2371 1202 2456 martie,

239 2535 411 2610 Certatim
438 2538 556 2636 populi
582 2547 708 2614 coeunt
734 2539 772 2612 in
798 2538 935 2614 foedera
960 2565 1108 2626 rursusv
1351 2571 1400 2626 170

239 2699 339 2790 Quod
366 2731 471 2805 super
495 2732 607 2781 unum
632 2717 717 2795 erat,
744 2733 788 2783 en
814 2709 942 2784 iterum
968 2733 1033 2783 nos
1059 2709 1152 2784 inter
1177 2711 1314 2785 avitum

238 2877 375 2952 Foedus
401 2877 471 2951 init
496 2887 635 2964 natura,
662 2887 778 2953 metus
802 2878 895 2978 quod
921 2879 1018 2978 rupit
1043 2889 1079 2953 ct
1104 2879 1156 2952 ira
1169 2907 1201 2952 >›.

238 3045 313 3118 Vix
338 3068 379 3118 ea
406 3045 502 3119 fatus
527 3069 633 3132 eram,
661 3045 801 3120 iuvenis
826 3072 937 3146 quum
962 3047 1101 3146 prosilit
1125 3046 1253 3120 ardens

241 3213 369 3287 Nescio
394 3237 485 3312 quae
510 3213 600 3286 mihi
626 3237 709 3288 voce
731 3237 896 3312 crepans:
923 3213 1090 3312 abscedit.
1116 3214 1251 3288 Hirudo

241 3383 364 3457 Altera
387 3407 445 3456 me
469 3391 576 3470 tenet,
602 3391 638 3457 et
662 3383 797 3481 pergit:
827 3383 1088 3470 «Quaeramus,
1115 3383 1249 3470 amabo,
1352 3409 1402 3463 175

243 3552 350 3639 Seria,
377 3551 449 3625 iam
475 3551 570 3626 ludis
597 3551 756 3627 amotis»
786 3553 948 3626 «Desine
973 3553 1085 3651 plura,

213 3720 321 3792 ,Non
342 3743 457 3793 moror
482 3719 588 3792 haec:
616 3718 765 3792 audin'?
791 3719 1017 3794 Stomachum
1043 3719 1155 3792 lenire
1178 3720 1371 3793 latrantem

175 3947 184 3962 .
243 3891 396 3986 Tempus
422 3887 565 3960 adest».
595 3915 614 3961 «
626 3890 772 3986 Propero
796 3912 865 3985 quo
891 3887 946 3960 vis
971 3897 1087 3961 tecum
1099 3915 1119 3983 p
1147 3888 1220 3961 Ille.
1248 3890 1402 3986 Repente

241 4056 406 4130 Proxima
431 4079 487 4129 me
514 4056 674 4154 sequitur
699 4055 898 4131 communia
924 4065 1017 4130 tecta
1042 4065 1228 4154 petentem,

243 4224 352 4310 Queis
376 4223 472 4298 dedit
497 4224 636 4298 arabica
663 4225 735 4297 iam
761 4223 885 4297 tritum
912 4225 1004 4322 potio
1026 4232 1150 4297 nomen
1349 4251 1399 4316 180
