3246 5314
651 469 824 537 49...

232 697 328 771 Meta
357 702 455 770 vocat
479 713 548 793 quo
573 695 663 769 lecta
689 685 787 769 viae:
815 695 867 769 sic
893 697 987 770 ultro
1011 688 1177 772 recusant

227 867 328 939 Stare
354 866 447 957 loco;
472 873 597 938 tantus
625 865 741 939 varios
767 855 986 940 contemnere
1011 893 1116 940 casus

227 1033 340 1136 Ardor
366 1033 444 1131 agit
469 1033 625 1106 iuvenes.
653 1035 701 1106 Et
726 1033 841 1132 plenis
866 1035 938 1107 iam
964 1037 1082 1109 omnia
1108 1038 1217 1135 portis
1344 1063 1394 1116 110

232 1203 328 1276 Gens
354 1202 472 1277 studio
497 1202 635 1277 visendi
660 1203 787 1276 ineunt
811 1213 847 1277 et
872 1204 992 1278 littora
1017 1208 1201 1304 complent,

232 1371 494 1470 Commixtique
520 1372 589 1444 viri
614 1372 718 1471 plebi,
744 1373 923 1471 puerique,
952 1398 1133 1472 senesque,

198 1537 203 1546 ’
229 1541 278 1611 Et
303 1540 402 1638 largo
427 1540 515 1614 fletu
540 1549 680 1628 matres
707 1539 932 1639 trepidaeque
957 1566 1089 1616 sorores
1162 1612 1168 1628 ,

230 1709 463 1807 Prospiciunt,
490 1710 706 1808 tacitamque
729 1719 895 1808 premunt
921 1711 988 1785 sub
1014 1722 1150 1810 pectore
1175 1739 1305 1786 curam.

174 1969 181 1978 ,
234 1855 412 1975 To1quent
437 1878 508 1952 huc
531 1879 618 1952 illuc
644 1903 799 1976 spumas
826 1904 898 1977 qua
923 1879 1014 1954 dona
1040 1881 1188 1956 daturae
1347 1909 1397 1964 115

236 2045 348 2118 Grata
373 2046 462 2134 viae,
489 2072 560 2145 qua
586 2047 681 2121 dicta
707 2048 795 2120 viris
820 2058 988 2136 extrema,
1014 2050 1174 2125 biremes.

238 2216 414 2314 Supplicia
440 2240 517 2290 ecce
542 2225 661 2291 'autem
688 2242 747 2291 ora
772 2241 902 2316 gerens
927 2219 1157 2318 animumque
1184 2219 1343 2326 sacerdos

176 2401 182 2408 '
234 2383 392 2473 Accedit,
418 2386 591 2484 cuiusque
615 2387 701 2484 vagi
728 2387 795 2461 sub
820 2388 967 2462 numine
993 2389 1101 2475 venti,

233 2541 397 2635 Aequora
423 2548 476 2611 ter
501 2537 626 2612 dextra
650 2539 821 2625 lustrans,
847 2539 894 2614 in,
913 2547 995 2612 vota
1019 2540 1164 2614 lacessit

232 2707 459 2804 Ingeminata
485 2710 609 2793 Deum,
636 2715 672 2780 et
697 2733 796 2782 sacra
822 2706 915 2781 bona
941 2731 1023 2782 voce
1048 2719 1218 2806 precatur.
1349 2733 1400 2788 120

234 2879 405 2950 Arrexere
429 2877 566 2951 animos
591 2886 740 2950 nautae:
768 2877 969 2950 navarchus
995 2877 1040 2951 ab
1065 2887 1145 2951 ortu

235 3045 372 3118 Nactus
399 3045 475 3132 iter,
501 3046 669 3145 lymphas
696 3069 780 3120 euro
804 3047 982 3120 mulcente
1008 3046 1170 3133 secunde,

236 3216 393 3291 Carbasa
418 3217 503 3291 bina
530 3218 630 3292 iubet
654 3217 738 3291 dare
764 3226 878 3303 vento,
905 3217 1090 3313 insurgere
1116 3215 1232 3301 remis,

234 3375 499 3488 Obliquantque
525 3388 626 3461 sinus
653 3388 809 3488 cymbae,
836 3387 1034 3484 celeresque
1059 3385 1231 3459 feruntur.

236 3559 346 3631 Nunc
370 3583 490 3632 omnes
515 3556 700 3655 trepidare,
727 3571 855 3629 manus
882 3555 1051 3641 attollere,
1079 3562 1115 3626 et
1139 3553 1214 3626 alta
1353 3576 1403 3630 125

239 3731 336 3802 Voce
362 3728 481 3826 sequi,
508 3727 611 3800 littus
637 3727 726 3812 vale,
748 3746 772 3798 'o
798 3725 877 3797 vale
904 3725 1034 3796 clamat
1060 3732 1096 3796 et
1120 3723 1215 3797 echo.

240 3899 413 3971 Necnon
438 3896 590 3970 sollicita
615 3879 873 3992 cumprimum
899 3901 1017 3964 turma
1043 3891 1163 3965 carina

233 4063 432 4151 Abscessit,
457 4064 622 4160 fugitque
642 4063 772 4148 ‘'solum,
798 4084 858 4158 per
882 4061 1022 4133 caerula
1049 4067 1179 4131 nautas

240 4232 318 4306 Sub
343 4240 478 4306 noctem
504 4232 639 4331 patriae
666 4231 778 4304 'vincit
804 4227 947 4327 pietatis
973 4229 1101 4323 imago.
