3236 5306
747 525 795 532 -
824 481 894 551 112
918 523 966 532 --

232 783 245 816 e
353 751 451 834 Quae
477 772 670 846 nunquam,
698 754 740 818 ut
766 767 850 832 reor,
879 753 934 817 est
960 751 1116 824 veterum
1142 741 1315 814 meditata
1336 763 1548 813 camoena.

351 922 424 995 Nec
458 919 547 993 satis
580 919 806 992 ista-Hoc.
840 917 974 1012 Papae!
1009 912 1102 999 Quid
1136 909 1411 984 adhucil-r-PL.
1453 912 1550 994 Qua

1221 1026 1308 1120 (bile
1336 1033 1552 1099 tumerent

347 1205 473 1279 Livius
498 1214 534 1278 et
560 1203 680 1278 Cicero
705 1211 740 1275 et
764 1202 926 1288 Plautus
953 1225 1023 1298 qua
1050 1207 1169 1272 noster
1195 1199 1388 1282 Homerus

350 1374 388 1448 Si
413 1373 532 1448 norint
556 1372 648 1471 quod
674 1371 761 1446 forte
786 1395 883 1444 meos
907 1369 1065 1469 pervenit
1090 1366 1135 1442 ad
1158 1367 1283 1440 aures!

354 1543 426 1615 Hos
452 1541 539 1628 ideo,
567 1549 609 1614 ut
633 1539 763 1626 decuit,
789 1539 887 1613 vetui
913 1535 1092 1612 considere
1117 1559 1264 1608 mecum.

351 1713 406 1784 Ne
432 1710 566 1796 multis,
594 1713 737 1802 (tamen,
766 1715 849 1779 ante
875 1729 1002 1804 precor,
1029 1703 1159 1778 mutire
1184 1711 1306 1776 cavete

348 1883 422 1955 Vos
446 1885 579 1976 omnes)
606 1880 727 1954 Cicero
752 1878 886 1952 dudum
911 1877 1113 1952 detruditur
1136 1879 1233 1952 omui

347 2053 440 2123 Pene
466 2049 604 2124 schola:
632 2050 704 2124 iam
729 2050 829 2122 visus
856 2049 952 2122 enirn
978 2012 1157 2124 verbosus
1172 2048 1327 2145 ineptus.

349 2219 475 2293 Livius
502 2219 540 2290 in
565 2218 703 2292 fatuam
729 2217 884 2292 nondum
910 2217 1094 2292 concedere
1119 2215 1260 2289 turbam

345 2392 514 2490 Cogitur:
541 2401 695 2490 atquae
721 2390 873 2488 indigna
898 2389 988 2462 ferat
1014 2387 1256 2462 stomachosus
1284 2395 1322 2460 et
1351 2387 1442 2486 ipse

348 2561 486 2659 Accepi,
512 2561 676 2659 quamvis
702 2561 865 2646 nimium,
895 2582 951 2632 me
977 2557 1103 2645 iudice,
1129 2557 1252 2632 honori

344 2730 500 2802 Romano
525 2683 686 2813 inservit
713 2727 808 2800 veris
832 2727 987 2826 nugacis
1014 2727 1178 2800 miscens.

353 2898 490 2972 Fabula
516 2899 588 2972 iam
613 2921 715 2996 reges
741 2897 882 2972 abeunt:
909 2897 1051 2996 digesta
1077 2895 1261 2982 Quiritum

346 3070 484 3140 Rursus
508 3066 554 3140 ab
580 3067 718 3164 integ1o
743 3076 935 3165 patuerunt
960 3067 1100 3164 proelis,
1126 3021 1284 3142 morosa

348 3238 478 3312 Edocet
502 3238 589 3312 hooc
614 3237 747 3311 blatero
771 3260 840 3335 quo
865 3261 936 3310 non
963 3235 1147 3311 audentior
1173 3236 1261 3310 alter

344 3409 538 3481 Germanos
564 3408 656 3481 inter
682 3407 816 3482 sciolos.
841 3409 927 3481 Mox
952 3377 1096 3505 nomina
1120 3407 1273 3480 Plautus

347 3576 418 3672 (Sic
443 3577 506 3649 alii
532 3577 662 3674 visum)
687 3586 823 3650 mutat:
850 3577 933 3650 dein
959 3578 1138 3651 maximus
1164 3579 1250 3677 ipse,

343 3749 405 3843 (Di
431 3745 578 3844 perdant
603 3748 771 3844 rabulas)
798 3771 862 3822 neo
888 3749 1045 3822 carmina
1070 3748 1212 3848 scripsit
1237 3703 1433 3828 ilemerus.

347 3893 444 3993 Dor.v
460 3921 518 3992 Me
541 3943 688 4017 quoque,
715 3919 746 3992 si
771 3943 842 4017 qua
866 3927 987 3992 manet
1011 3918 1135 4016 pietas,
1158 3917 1335 3992 ulciscere:
1365 3927 1541 4004 nostin?

347 4092 424 4186 Ipse
450 4112 516 4186 ego
542 4088 613 4161 iam
642 4087 760 4162 videor
783 4087 902 4186 pueris
927 4111 991 4160 nec
1016 4087 1157 4161 nomine
1183 4096 1298 4162 notus.

347 4257 474 4331 Nescio
499 4260 580 4356 quis
605 4283 700 4332 nunc
726 4259 939 4333 Teutonicus
965 4257 1096 4332 dictare
1124 4259 1281 4358 superbit
