3246 5314
663 461 858 530 -63--

247 692 319 766 Sed
343 715 398 765 me
423 717 518 766 nunc
545 694 641 766 Deus
667 691 742 788 ipse
766 713 843 762 meo
867 689 939 762 iam
965 689 1142 786 sanguiue
1167 712 1286 790 pacem

253 863 342 958 (Nec
367 863 510 937 meliora
535 867 626 961 peto)
654 862 741 935 sinit
766 869 930 958 exoptare
956 883 1164 957 supremam.

250 1030 362 1115 Quae,
387 1028 496 1102 fidum
522 1029 615 1102 ultro
641 1027 721 1101 dedi
746 1027 857 1100 teneri
885 1026 952 1100 tibi
978 1027 1111 1125 pignus
1136 1026 1275 1112 amoris,

247 1198 307 1269 Tu
330 1197 464 1295 patriae
487 1205 529 1270 tu
553 1196 657 1300 recide
678 1220 786 1284 meae,
812 1199 926 1283 Pater,
952 1196 1091 1270 oscula:
1117 1219 1181 1268 uec
1204 1219 1261 1269 me
1358 1221 1411 1278 245

250 1368 310 1438 Ira
335 1366 441 1453 subit,
469 1366 584 1461 (testis
610 1368 706 1440 Deus
730 1365 935 1460 exorabilis)
961 1389 1120 1463 unquam

250 1537 450 1635 Sanguinis
474 1537 605 1612 ultores
631 1537 723 1611 votis
748 1558 929 1635 properare
954 1544 1144 1609 morantes.

251 1704 312 1778 Sis
337 1705 424 1778 felix
448 1706 661 1804 quicumque
685 1729 761 1781 meo
785 1732 866 1780 cum
891 1706 1069 1803 sanguine
1094 1705 1216 1792 vitam,

243 1873 366 1946 Victor
390 1899 511 1972 agens,
536 1875 678 1949 fundis!
706 1875 826 1949 felices
851 1876 961 1948 vivite
984 1883 1156 1974 quotquot

248 2039 332 2114 Non
354 2064 474 2138 regere
499 2042 645 2140 imperio
668 2042 790 2116 renui!
817 2044 922 2115 Nunc
947 2065 1086 2140 parcere
1110 2051 1250 2140 tempus
1353 2067 1407 2123 250

245 2207 386 2306 Fasque
409 2209 523 2281 Deum
548 2208 667 2284 vobis:
693 2217 832 2283 vestrae
857 2210 889 2284 si
914 2209 1091 2307 sauguine
1115 2210 1218 2307 genti

244 2379 390 2475 Iamque
414 2377 516 2475 quies
540 2378 739 2475 quaerenda
767 2402 852 2465 mee,
879 2378 930 2452 sio
955 2378 1113 2453 immolor
1137 2378 1240 2453 ultro.

242 2547 360 2630 Quam
385 2546 514 2621 sociam
541 2547 661 2645 excepi
688 2548 777 2634 solii,
803 2571 859 2622 me
883 2571 1004 2646 pressa
1030 2558 1205 2647 sequetur,

245 2715 322 2788 Nec
346 2739 452 2802 mora,
478 2723 514 2788 et
539 2715 617 2814 ipsa
642 2715 767 2802 dolore,
793 2715 863 2788 mei
888 2715 961 2790 iam
986 2717 1124 2790 conscia
1148 2716 1226 2802 fati,

247 2884 353 2957 Nunc
378 2907 434 2958 me
458 2908 540 2958 voce
564 2908 693 2959 vocans
718 2909 788 2959 non
814 2885 968 2983 amplius
993 2885 1064 2960 heu
1081 2910 1160 2960 mea
1184 2884 1323 2960 coniux.
1348 2909 1403 2968 255

245 3053 302 3126 Sit
324 3077 435 3140 meus,
462 3078 574 3127 unum
598 3063 688 3153 opto,
714 3078 814 3128 cruor
839 3054 905 3128 has
930 3054 994 3152 qui
1021 3054 1093 3127 iam
1119 3053 1269 3128 ultimus
1293 3077 1372 3127 oras

247 3223 418 3295 Incestet:
447 3221 583 3295 mixtus
608 3221 751 3320 Superis
776 3221 919 3296 meliora
944 3221 1116 3319 precabor.

244 3390 340 3462 Haec
366 3389 473 3476 fatur,
498 3398 705 3488 revocatque
730 3388 852 3488 pedes:
879 3389 924 3462 ad
951 3389 1065 3463 sidera
1091 3388 1240 3462 frontem

247 3558 355 3631 Tollit
379 3567 415 3631 et
439 3558 596 3656 ignitum
622 3566 741 3632 contra
767 3558 839 3631 iam
864 3558 999 3632 missile
1023 3559 1206 3657 plumbum

247 3729 430 3826 Expectat,
455 3729 632 3827 tacitoque
658 3727 770 3802 Deum
796 3728 904 3826 simul
930 3752 987 3803 ore
1012 3738 1184 3827 precatur.
1351 3753 1404 3810 260

245 3896 308 3969 Fit
330 3897 498 3994 gemitus,
525 3897 674 3995 visuque
699 3906 856 3971 tremunt
881 3897 1025 3972 hostilia
1051 3899 1181 3972 circum

246 4065 423 4162 Agmina:
449 4091 559 4164 quum
586 4067 702 4141 subito
728 4067 830 4140 fatali
858 4091 1036 4139 murmure
1060 4089 1186 4139 raucae

236 4233 452 4330 ,increpuere
480 4233 595 4306 tubae.
621 4231 737 4306 Media
765 4233 864 4335 stetit
889 4258 967 4306 acer
993 4257 1097 4305 arena
