3246 5314
631 432 828 501 „53-.

223 662 365 736 Semina
391 661 566 746 nituntur,
593 659 701 733 nimis
728 669 846 734 arctus
872 661 1016 760 longius
1042 665 1092 737 ire

222 833 299 928 Ipse
326 839 433 916 vetat,
458 839 617 928 retroque
643 830 731 903 sinit
758 829 916 904 secedere
942 832 1052 929 lapsa,

224 999 401 1096 Agricolis
427 1000 544 1073 latura
571 1024 677 1074 novos
703 1025 783 1073 cum
810 1000 948 1076 foenore
976 1001 1101 1075 foetus.

224 1168 297 1240 Nec
321 1167 477 1266 requies:
505 1193 615 1266 quum
642 1168 755 1266 prima
779 1168 909 1266 glomis
935 1169 1086 1243 extricat
1111 1172 1240 1269 opertis

225 1337 376 1424 Semina,
402 1362 473 1411 non
499 1338 588 1412 alios
613 1337 776 1435 amplecti
803 1346 858 1410 est
884 1337 1051 1410 machina
1081 1341 1214 1437 segnis.

226 1506 386 1581 Stamina
412 1517 539 1582 cuncta
565 1507 650 1582 adeo
674 1507 817 1581 tandem
842 1509 1037 1606 glomerata
1062 1477 1215 1610 cylindri

228 1677 442 1765 Absumunt,
468 1679 708 1777 replicantque
734 1679 822 1765 vias,
849 1681 1062 1779 rapiuntque
1087 1682 1199 1756 voluti

226 1847 434 1947 Gossipinas
460 1850 530 1924 alio
555 1851 657 1924 celeri
685 1851 861 1949 vertigine
886 1851 1004 1925 moles.

228 2016 362 2104 Qualia,
389 2018 450 2092 ubi
476 2017 627 2118 oblongo
653 2043 757 2118 rupes
785 2043 822 2094 se
847 2019 952 2092 findit
978 2020 1017 2092 in
1043 1963 1151 2107 allec,

228 2187 391 2286 Lympha
419 2198 539 2275 scatet,
567 2213 712 2289 seseque
736 2190 873 2288 premit,
901 2213 1047 2288 seseque
1072 2199 1266 2264 tumentem

230 2355 401 2454 Implicat,
427 2366 463 2429 et
488 2357 585 2430 facili
610 2357 774 2432 consistit
800 2381 946 2456 spumea
971 2384 1088 2431 cursu.

229 2527 325 2600 Haec
350 2487 451 2614 inter,
478 2527 577 2600 dum·
590 2527 699 2600 vectis
726 2527 815 2625 agit,
842 2528 927 2600 dum
953 2526 1094 2602 mobilis
1123 2551 1229 2600 axes

231 2694 349 2767 Vertit
374 2705 410 2767 et
434 2695 578 2770 assiduo
603 2657 678 2770 rota
703 2705 837 2770 tectum
862 2721 1041 2769 murmure
1061 2697 1224 2804 complet,
1361 2721 1397 2776 45

231 2867 275 2936 In
299 2889 484 2939 numerum
510 2867 675 2940 attollens
701 2890 800 2940 voces
827 2867 940 2940 hilare
966 2889 1095 2964 agmen
1121 2875 1157 2939 et
1184 2867 1288 2939 exlex

235 3034 410 3121 Concinit,
435 3043 470 3108 et
496 3034 591 3108 dulci
619 3036 754 3110 solatur
777 3034 896 3108 taedia
922 3059 1036 3108 versu.

233 3205 373 3278 Vellera
399 3202 459 3277 sed
485 3206 613 3278 celeres
640 3205 712 3277 iam
738 3212 865 3278 cuneta
892 3214 1035 3303 experta
1061 3203 1240 3324 cylindros

236 3375 450 3450 Convectare
475 3384 619 3450 monent
644 3375 715 3448 alio
740 3375 883 3448 collecta
909 3374 1094 3472 magistri:

238 3545 360 3619 Sordet
384 3546 478 3619 enim
505 3555 612 3644 atque
637 3545 720 3619 imis
745 3546 844 3618 filum
871 3567 1051 3618 canescere
1077 3543 1175 3616 fibris
1366 3565 1401 3620 50

238 3716 361 3788 Nescit
386 3715 512 3789 adhuc.
539 3719 671 3790 Memor
697 3716 784 3788 haec
809 3715 917 3788 etiam
943 3739 1038 3786 nunc
1063 3711 1203 3809 concipe
1228 3709 1333 3794 dicta,

240 3887 315 3971 Quo
339 3894 440 3984 pacto
467 3885 615 3983 speciem
642 3884 756 3957 vellus
782 3883 961 3981 depromat
986 3882 1182 3966 honestam,

241 4059 306 4130 Ore
331 4056 449 4127 nivem
476 4055 661 4128 simulans.
689 4054 846 4128 Calamis
872 4060 1073 4126 constructa
1100 4049 1239 4148 supinis

82 4227 318 4248 μιν..-

125 4306 164 4350 v,
184 4293 276 4345 53-58
292 4291 371 4334 Penes
387 4297 432 4332 nos
448 4289 561 4332 Arcaetto
576 4285 657 4330 audit.
