3246 5314
655 493 850 561 -31-

246 721 361 795 Tarda
387 745 543 806 manum,
572 745 636 793 nec
661 722 770 818 longa
796 720 865 794 sibi
893 720 1128 794 medicamina
1153 734 1314 821 poscunt,
1380 755 1415 809 30

244 894 291 964 Et
316 914 555 989 quoscumque
582 891 671 964 velis
700 890 841 964 iniussa
868 890 1010 964 vocabis
1037 892 1075 964 in
1101 918 1200 967 usus.

177 1116 184 1131 .
243 1061 299 1130 Tu
323 1057 424 1132 modo
448 1057 520 1131 iam
546 1057 687 1130 fruticis
712 1059 913 1155 generatim
939 1058 1073 1133 discere
1099 1060 1246 1134 formam

241 1227 456 1326 Aggredere,
485 1236 520 1301 et
545 1251 683 1302 mecum
712 1227 806 1300 vires
832 1229 978 1326 exquire
1003 1231 1157 1303 latentes

244 1396 407 1483 Seminis,
435 1396 651 1494 innataeque
678 1385 796 1471 modos
823 1399 1030 1496 propaginis
1057 1424 1187 1474 omnes.

243 1565 460 1664 Multiplices
485 1590 577 1664 quae
604 1565 847 1664 sintspecies,
878 1592 969 1665 quae
995 1570 1139 1643 nomina
1161 1567 1314 1669 cuique,
1373 1601 1408 1656 35
1477 1637 1480 1645 i

243 1735 382 1834 Quique
409 1736 515 1810 abilis
542 1737 591 1810 sit
616 1761 702 1835 ager
728 1736 861 1824 frutici,
888 1738 1225 1827 leviorvecreando,

242 1905 413 2004 Accipies,
440 1916 476 1980 et
501 1916 628 1980 cuncta
653 1907 818 2006 equidem
843 1907 910 1982 tibi
936 1909 1092 1982 carmine
1118 1935 1284 2008 promam.

183 2133 191 2148 .
245 2076 315 2160 Qui
340 2077 485 2174 longam
511 2077 682 2150 fruticum
709 2079 834 2150 seriem
861 2079 978 2176 legere
1004 2088 1180 2166 vocantes,

245 2248 328 2340 (Seu
355 2270 462 2320 sexus
490 2247 653 2321 diversus
679 2247 791 2335 adest,
818 2258 860 2322 ut
884 2274 1006 2323 norma
1031 2249 1185 2348 legendi,

244 2415 409 2488 Inclusus
435 2415 492 2488 vel
517 2414 632 2488 foetus
660 2415 777 2489 adhuc
802 2416 841 2488 in
867 2441 1004 2515 corpore
1029 2425 1194 2504 matrum,
1371 2444 1406 2498 40

242 2583 322 2657 Non
347 2585 414 2657 ulli
441 2580 589 2686 cotylae,
614 2587 824 2684 geminaeve
848 2587 957 2660 unive
984 2587 1185 2683 cohaerens)

240 2754 472 2841 Malvaceum,
498 2754 591 2828 docti
619 2755 780 2853 speciem,
808 2755 928 2829 dixere
955 2758 1011 2830 vel
1037 2757 1155 2855 ipsum

240 2923 455 3021 Gossipium.
481 2924 659 2998 Herbaceo
685 2948 704 2997 e
730 2925 824 2997 cauli
850 2924 1068 2999 detruditur:
1098 2927 1169 3000 ima

236 3092 357 3179 Levia,
385 3118 524 3166 summa
550 3093 635 3191 pilis
662 3094 807 3167 horrent
832 3103 1041 3192 tegumenta
1068 3097 1220 3170 tenellis.

239 3260 391 3359 Hispida
418 3263 615 3361 tergemino
638 3263 764 3361 gliscit
790 3264 921 3337 circum
946 3265 1067 3339 ordine
1091 3267 1222 3353 lamna,
1370 3294 1405 3348 45

240 3431 411 3530 Oblongis
429 3433 575 3507 totidem
602 3433 697 3507 foliis
723 3433 964 3508 viridantibus
990 3444 1083 3533 apta.

237 3603 361 3677 Florea
387 3615 609 3702 consurgunt
634 3605 808 3703 calicique
835 3606 1021 3679 simillima
1047 3607 1181 3705 passim

81 3830 1402 3841 *mm-*Q

138 3953 171 3998 V.
186 3952 270 3998 38-le
285 3956 422 4001 Herbariae
437 3957 501 4001 artis
516 3957 593 4011 periti
608 3956 739 4012 lupianus
753 3959 899 4003 ordinandis
914 3960 1041 4004 diversam
1050 3960 1154 4014 sequuti
1166 3962 1228 4004 sunt
1244 3958 1399 4002 methodum.

82 4025 156 4069 Sunt
171 4026 224 4079 qui,
240 4027 344 4069 auctore
359 4027 460 4080 Linneo,
475 4027 515 4070 uti
530 4027 704 4072 characterem
720 4029 815 4072 Sexum
829 4030 936 4084 elegere,
952 4030 1017 4072 idest
1032 4029 1214 4084 procreationis
1228 4038 1331 4082 organa,
1346 4027 1402 4069 sin-

81 4093 161 4148 gulis
174 4093 310 4138 attributa.
321 4097 512 4141 Recentioribus
522 4107 590 4152 vero,
606 4100 713 4141 auctore
725 4098 833 4152 lussieu‚
844 4100 995 4144 commodior
1005 4101 1127 4154 probatur
1137 4109 1232 4151 norma,
1243 4109 1273 4141 ex
1284 4097 1402 4142 Germine

79 4175 222 4228 desumpta
236 4185 282 4218 eeu
297 4175 375 4230 foetu,
386 4177 451 4230 quod
467 4178 515 4230 ipsi
536 4173 660 4243 ’Ἕμβρυον
679 4179 803 4222 vocitant.
825 4180 917 4222 Ordine
931 4181 1018 4223 autem
1033 4180 1134 4235 plantas
1148 4187 1234 4221 omnes
1248 4178 1274 4219 in
1287 4178 1403 4229 Accepis-

80 4253 168 4304 dones,
181 4251 405 4309 Monocotyaconec
414 4259 440 4299 et
454 4257 644 4312 orcorpzcdoccc
659 4257 819 4300 distribuunt
832 4267 863 4300 ex
877 4258 987 4310 quodam
998 4258 1130 4303 involucro
1145 4256 1276 4312 germinis,
1292 4254 1397 4308 Cotylo-

81 4322 154 4364 done
169 4326 327 4378 nuncupato,
341 4336 390 4378 quo
406 4326 446 4370 vel
462 4326 566 4382 plantae
583 4328 686 4382 penitus
700 4329 796 4380 carent,
810 4328 852 4371 vel
867 4338 918 4371 uno
933 4330 979 4371 aut
993 4328 1090 4383 duplici
1104 4330 1247 4383 potiuntur.
1262 4325 1338 4369 Nobis
1353 4326 1399 4366 ta-

79 4402 151 4444 men,
165 4393 286 4436 vocabuli
302 4395 450 4451 proprietati
466 4398 558 4442 melius
578 4398 779 4452 consulentibus,
794 4408 839 4452 pro
857 4399 1005 4453 cotyledone
1023 4409 1111 4445 vocem
1126 4398 1244 4452 Cotylam
1257 4397 1343 4440 visum
1361 4400 1400 4436 est

6 4447 7 4456 ³
78 4471 219 4515 usurpare.
