3236 5306
620 485 668 492 -—
697 441 761 511 lol
793 483 841 490 -

222 670 340 744 Solvet
367 679 517 769 utraque
541 694 661 756 mauu,
689 671 862 767 quaesitis
889 670 920 743 si
948 672 1040 744 volet
1066 672 1131 745 uti.

220 838 306 912 Vidi
332 863 399 937 ego
423 849 458 913 te
483 840 588 913 toties
615 841 672 934 (ne
698 848 733 913 te
759 839 954 936 frustreris)
981 840 1142 916 hiantem

222 1009 364 1095 sistere,
390 1033 511 1107 quum,
538 1007 630 1082 dooti
656 1009 712 1082 vel
737 1009 851 1107 prima
877 1010 1061 1098 elementa,
1088 1012 1256 1110 periclum

221 1181 270 1250 'le
295 1203 410 1252 coram
437 1177 592 1252 facerent
617 1175 727 1276 pueri.
754 1179 928 1278 Mysteria
953 1181 1026 1253 veri

218 1351 294 1421 lam
321 1349 431 1446 vulgo
457 1348 653 1446 patefacta:
681 1351 820 1447 plagas,
847 1359 884 1422 et
911 1349 1062 1424 fiumina
1087 1359 1210 1438 terrae,

222 1522 269 1594 Et
294 1529 443 1608 montes,
469 1529 663 1620 ventosque
690 1521 794 1620 probe
819 1521 1001 1620 plebecula
1026 1522 1136 1608 novit,

219 1697 337 1791 Atque
363 1693 457 1766 vices
482 1693 687 1792 patriaeque
715 1692 832 1766 decus,
858 1693 953 1765 Bene
978 1691 1089 1780 docta,
1116 1693 1202 1791 quid
1228 1695 1350 1767 ultra?

219 1861 434 1959 Multiplioat
459 1886 692 1959 numerosque
719 1870 824 1948 secat,
850 1860 993 1935 deducit
1017 1871 1052 1936 et
1078 1861 1187 1934 addit.
1305 1961 1313 1974 ,

220 2033 281 2105 Nil
306 2033 524 2108 intentatum
550 2031 685 2142 domini
712 2032 846 2130 liquere
875 2041 1042 2119 recentes,

219 2201 335 2275 Plebis
361 2211 402 2275 ut
427 2201 626 2299 ingenium,
654 2200 781 2287 sordes,
809 2209 892 2274 ante
917 2201 1045 2287 omnia,
1073 2226 1185 2276 mores

219 2369 451 2469 Corrigerent.
476 2373 572 2444 Haeo
598 2379 685 2446 tune
711 2393 822 2478 neges
847 2369 931 2443 data
957 2395 1103 2444 munera
1130 2371 1259 2446 nobis?

219 2541 355 2641 Collige
381 2567 477 2615 nunc
503 2567 658 2616 meeum:
686 2567 733 2614 an
759 2565 830 2616 non
856 2541 1014 2614 insanire
1039 2541 1205 2615 videntur

219 2713 288 2798 Qui
313 2722 447 2788 vexant
471 2736 646 2811 praesens.
663 2712 798 2811 probris
824 2711 933 2785 ferme
957 2705 1123 2785 omnibus
1147 2712 1303 2784 aevum?

216 2887 335 2959 Unum
363 2883 438 2970 hoe,
464 2903 509 2956 ne
534 2885 682 2980 longum
707 2881 847 2968 faeiem,
875 2880 945 2955 fors
971 2881 1048 2954 iure
1074 2857 1207 2954 dolebis

216 3055 388 3141 Amissos
415 3054 454 3126 ni
480 3053 593 3140 fallor,
620 3053 732 3126 heros.
759 3079 781 3125 «
793 3054 872 3125 Heu
898 3051 1018 3125 nescia
1045 3031 1173 3148 sperni,

215 3227 273 3299 Me
298 3249 404 3324 puero
429 3223 617 3322 quondam,
645 3232 802 3298 veterum
829 3221 1026 3296 reverentia
1052 3223 1196 3319 regum!

214 3399 293 3469 Stat
318 3394 462 3494 speeies,
489 3398 571 3493 (quo
596 3419 693 3467 nuno
719 3393 793 3465 vivi
819 3393 1044 3491 pervenimus
1057 3395 1080 3487 l)
1107 3418 1181 3464 una

211 3565 323 3663 Regis
341 3564 470 3638 adhue:
489 3588 705 3664 quamquam
722 3565 783 3638 ol»
801 3565 897 3637 Haeo
914 3571 949 3636 te
967 3585 1159 3660 usurpasse
1175 3570 1375 3660 gementem

213 3736 263 3806 Et
286 3733 442 3819 memini,
469 3741 505 3806 et
530 3732 621 3805 mihi
646 3757 743 3806 nuno
769 3731 878 3805 etiam
904 3729 1040 3803 dixisse
1065 3728 1207 3803 videris,

212 3904 302 3976 Pace
326 3911 401 4004 tua,
427 3926 518 4000 quae
543 3902 636 3980 falsa
662 3902 730 3976 tibi
756 3900 934 3974 sententia
960 3899 1073 3973 m'enti
1098 3901 1172 3973 est!

213 4072 375 4158 Servitia,
401 4071 561 4146 horresco
585 4081 756 4170 repetens
783 4071 961 4144 vilissima
987 4094 1113 4168 regum

213 4243 289 4313 Iam
315 4240 450 4314 luimus
469 4265 679 4339 servumque
702 4265 818 4338 pecus,
846 4240 931 4338 dum
958 4240 1110 4337 quisque
1136 4239 1316 4325 minorem,

988 4345 995 4382 l
