3248 5290
750 473 799 483 —-
827 433 896 502 196
922 473 971 484 —-

628 680 784 752 HERUS
817 679 877 750 ET
904 679 1085 752 SERVUS

400 923 480 995 Nun
498 920 601 995 hodie
619 917 664 994 ad
681 944 840 994 mensam
858 929 905 1004 te,
923 919 1065 1004 Quinte,
1085 916 1277 993 adhibebo:
1304 917 1402 1016 quod
1420 928 1541 1016 optes

496 1089 560 1163 Nil
582 1089 677 1176 beni,
704 1089 756 1164 ait
782 1088 989 1186 Xenophon,
1015 1096 1070 1162 est
1095 1088 1206 1178 mihi;
1232 1112 1309 1160 cras
1334 1087 1482 1161 venies.

399 1265 545 1336 Sevocat
570 1260 666 1336 hunc
693 1284 817 1336 servus
842 1260 905 1357 qui
931 1259 1036 1334 verba
1062 1258 1205 1356 accepit,
1232 1267 1268 1332 et
1293 1258 1443 1356 inquit:

496 1434 614 1518 Parce,
641 1430 707 1504 tibi
734 1430 841 1504 vituli
867 1429 949 1504 novi
977 1428 1080 1504 hodie
1106 1453 1183 1504 esse
1209 1437 1326 1526 caput.

614 1919 739 1991 PUER
766 1918 826 1990 ΕΤ
853 1917 1094 1991 MAGISTER

396 2185 495 2268 Quae
519 2184 651 2258 meruit
679 2208 778 2258 sacra
804 2181 895 2258 dona
920 2185 1033 2255 Deum
1059 2182 1229 2271 Pandora,
1256 2188 1455 2284 magister,

494 2352 652 2427 Fabulae
679 2361 721 2424 ut
746 2352 833 2428 haec
857 2351 1054 2449 perhibent,
1081 2351 1253 2450 explicuit
1278 2380 1408 2454 puer0;

395 2524 491 2596 Haec
516 2521 668 2596 addens:
696 2521 812 2596 inerat
838 2521 980 2596 clausae
1006 2545 1122 2620 genus
1148 2547 1249 2600 omne
1274 2527 1461 2605 malorum

493 2690 637 2792 Pyxidi,
663 2699 703 2764 at
727 2690 790 2764 illa
817 2717 963 2764 manum
990 2715 1060 2766 nen
1085 2691 1172 2768 tulit
1196 2716 1274 2767 esse
1298 2699 1437 2792 procul.

394 2863 490 2958 Ergo
515 2868 601 2946 erat,
628 2859 771 2933 incaute
798 2859 829 2932 si
855 2857 981 2957 pandit
1006 2884 1121 2935 amore
1149 2861 1302 2952 videndi,

490 3032 581 3102 Tum
608 3053 703 3126 puer,
731 3029 809 3126 ipsa
836 3029 920 3102 foris
947 3031 1061 3105 omnis
1087 3031 1186 3128 erige
1211 3035 1306 3106 mali.

802 3297 900 3307 ῥα...-

401 3459 453 3528 nu
481 3456 702 3529 cananea
728 3413 1007 3530 urrunnun
1038 3460 1297 3535 sueauruu

394 3699 538 3796 Accepit
563 3699 692 3771 latrare
718 3723 834 3785 carrea,
861 3700 1000 3774 ululare
1026 3704 1169 3778 catellus

492 3873 597 3942 Mane
623 3870 867 3944 suburbanum
892 3881 1011 3968 paster
1038 3873 1104 3946 iter
1131 3873 1275 3949 faciens.

390 4039 530 4113 Inscius
556 4039 707 4112 accedit:
734 4039 921 4138 quemdam
946 4041 1119 4116 terebrare
1144 4045 1309 4134 misellae,

490 4209 537 4278 Et
562 4205 699 4280 cerebra
725 4232 744 4280 e
769 4208 884 4281 media
911 4185 1038 4307 sugere
1064 4211 1178 4288 fronte
1204 4223 1332 4312 stupet.
