3246 5314
189 1179 250 1282 χ
384 1074 1240 1276 111111111111111111111-,Ι
1405 1159 1406 1164 ψ
1510 1123 1514 1129 ·
1607 1199 1608 1206 1

538 1425 738 1498 LECTORI
766 1425 988 1497 SALUTEM

643 1697 884 1728 ΜΦ·-

301 2238 355 2309 Ν1
379 2236 509 2309 mirum
526 2235 603 2308 tibi
631 2235 803 2320 videatur,
835 2232 982 2306 candide
1012 2233 1128 2319 lector,
1161 2233 1253 2331 quod
1279 2235 1318 2306 in

201 2415 304 2481 tanta
329 2408 398 2479 hac
412 2406 617 2504 opinionum
643 2406 882 2504 perversitate,
908 2427 999 2501 quae
1025 2402 1155 2475 abhinc
1181 2404 1317 2501 aliquot

200 2599 313 2648 annos
338 2575 519 2673 probatam
547 2575 745 2649 studiorum
770 2575 943 2647 rationem
970 2573 1063 2671 apud
1089 2598 1153 2646 nos
1180 2573 1278 2646 labes
1299 2619 1315 2628 -
1439 2631 1441 2638 ,

200 2759 295 2816 11111
312 2754 467 2830 conatur,
495 2745 659 2818 volumen
677 2745 830 2842 prodeat,
857 2745 982 2843 inquo
1006 2745 1121 2816 latina
1147 2744 1317 2817 Carmina

199 2914 370 3010 leguntur
396 2940 416 2986 a
443 2917 644 2989 Fennorsco
677 2919 943 2998 Tnauounnruo
979 2917 1150 2988 Monruno
1187 2915 1230 2986 V.
1258 2915 1310 2988 Ol.

197 3083 417 3192 concinnata.
445 3083 581 3165 Virtus,
619 3107 710 3182 quac
736 3085 874 3182 propria
911 3092 966 3157 est
991 3085 1127 3157 romani
1154 3083 1312 3168 seminis,

198 3252 237 3322 in
267 3253 371 3325 ltalia
402 3255 558 3327 nondum
575 3229 576 3232 ¹
594 3255 746 3326 exaruit.
784 3255 924 3351 Optimo
959 3278 1076 3327 rerum
1113 3263 1313 3327 nostrarum

196 3419 271 3495 fato
296 3425 458 3497 nonnulli
484 3426 690 3498 etianurunc
717 3425 845 3498 vivunt
863 3425 1116 3523 spectatissimi
1143 3425 1221 3530 viri,
1250 3426 1311 3521 qui

198 3592 386 3688 pueritiam
405 3604 440 3666 11
466 3593 739 3696 adolescentiam
758 3596 796 3666 in
817 3596 913 3667 omni
932 3595 1158 3668 honestarum
1179 3594 1309 3665 artium

195 3760 296 3833 cultu
313 3770 584 3860 transegerunt3
611 3790 680 3862 quo
698 3764 861 3836 videlicet
885 3773 1038 3862 ternpore
1060 3763 1214 3836 doctores
1232 3763 1312 3859 qui-

193 3927 275 3999 danr
302 3930 432 4004 litteris
450 3898 575 4006 latinis
603 3934 785 4050 tradendis
802 3934 933 4031 grandi
961 3944 995 4006 et
1019 3934 1162 4006 ridendo
1189 3957 1310 4029 super-

166 4131 169 4138 ’
192 4101 277 4174 11110
295 4104 450 4176 nonduin
462 4107 695 4192 clamitarent,
715 4105 888 4178 furiosum
907 4107 1011 4204 plane
1028 4129 1158 4178 esseae
1175 4103 1308 4202 puerile

192 4269 233 4340 in
260 4271 390 4346 litteris
408 4275 533 4348 latinis
551 4275 789 4372 perdiscendis
817 4275 868 4347 sic
886 4275 1072 4361 elaborare,
1100 4285 1140 4347 ut
1167 4271 1309 4346 venusti

193 4447 231 4510 et
259 4446 373 4517 ornati
401 4449 583 4545 scriptores
612 4445 817 4516 habeamur.
