<?xml version="1.0" encoding="UTF-8"?>
<!DOCTYPE html PUBLIC "-//W3C//DTD XHTML 1.0 Transitional//EN"
    "http://www.w3.org/TR/xhtml1/DTD/xhtml1-transitional.dtd">
<html xmlns="http://www.w3.org/1999/xhtml" xml:lang="en" lang="en">
 <head>
  <title>
</title>
<meta http-equiv="Content-Type" content="text/html;charset=utf-8" />
  <meta name='ocr-system' content='tesseract 3.04.00' />
  <meta name='ocr-capabilities' content='ocr_page ocr_carea ocr_par ocr_line ocrx_word'/>
</head>
<body>
  <div class='ocr_page' id='page_1' title='image "./franciscitranqu00moltgoog_0148.png"; bbox 0 0 3236 5306; ppageno 0'>
   <div class='ocr_carea' id='block_1_1' title="bbox 438 994 965 1094">
    <p class='ocr_par' dir='ltr' id='par_1_1' title="bbox 438 994 965 1094">
     <span class='ocr_line' id='line_1_1' title="bbox 438 994 965 1094; baseline -0.008 0"><span class='ocrx_word' id='word_1_1' title='bbox 438 997 581 1094; x_wconf 85' lang='lat' dir='ltr'>ORA</span> <span class='ocrx_word' id='word_1_2' title='bbox 620 994 965 1092; x_wconf 86' lang='lat' dir='ltr'>NEAPOLIS</span> 
     </span>
    </p>
   </div>
   <div class='ocr_carea' id='block_1_2' title="bbox 509 1229 897 1288">
    <p class='ocr_par' dir='ltr' id='par_1_2' title="bbox 509 1229 897 1288">
     <span class='ocr_line' id='line_1_2' title="bbox 509 1229 897 1288; baseline -0.008 -1"><span class='ocrx_word' id='word_1_3' title='bbox 509 1233 557 1287; x_wconf 86' lang='grc' dir='ltr'>ΑΙ)</span> <span class='ocrx_word' id='word_1_4' title='bbox 576 1231 743 1288; x_wconf 78' lang='lat' dir='ltr'><strong>SANGTAE</strong></span> <span class='ocrx_word' id='word_1_5' title='bbox 761 1229 897 1286; x_wconf 85' lang='lat' dir='ltr'><strong>LUGIAE</strong></span> 
     </span>
    </p>
   </div>
   <div class='ocr_carea' id='block_1_3' title="bbox 654 1437 753 1449">
    <p class='ocr_par' dir='ltr' id='par_1_3' title="bbox 654 1437 753 1449">
     <span class='ocr_line' id='line_1_3' title="bbox 654 1437 753 1449; baseline 0.01 -4"><span class='ocrx_word' id='word_1_6' title='bbox 654 1437 753 1449; x_wconf 66' lang='lat'>...-</span> 
     </span>
    </p>
   </div>
   <div class='ocr_carea' id='block_1_4' title="bbox 192 1845 1180 2985">
    <p class='ocr_par' dir='ltr' id='par_1_4' title="bbox 192 1845 1180 2985">
     <span class='ocr_line' id='line_1_4' title="bbox 242 1845 1145 1966; baseline -0.003 -25"><span class='ocrx_word' id='word_1_7' title='bbox 242 1869 327 1942; x_wconf 86' lang='lat' dir='ltr'>Mox</span> <span class='ocrx_word' id='word_1_8' title='bbox 353 1866 415 1942; x_wconf 91' lang='lat' dir='ltr'>ubi</span> <span class='ocrx_word' id='word_1_9' title='bbox 440 1873 639 1966; x_wconf 79' lang='lat' dir='ltr'>praetereas</span> <span class='ocrx_word' id='word_1_10' title='bbox 666 1863 822 1961; x_wconf 87' lang='lat' dir='ltr'>spatiosa</span> <span class='ocrx_word' id='word_1_11' title='bbox 847 1865 982 1962; x_wconf 89' lang='lat' dir='ltr'>palatia</span> <span class='ocrx_word' id='word_1_12' title='bbox 1009 1845 1145 1964; x_wconf 81' lang='lat' dir='ltr'>reguni,</span> 
     </span>
     <span class='ocr_line' id='line_1_5' title="bbox 193 2035 1013 2138; baseline 0 -26"><span class='ocrx_word' id='word_1_13' title='bbox 193 2045 316 2138; x_wconf 80' lang='lat' dir='ltr'><strong>Atque</strong></span> <span class='ocrx_word' id='word_1_14' title='bbox 340 2037 514 2138; x_wconf 82' lang='lat' dir='ltr'>giganteo</span> <span class='ocrx_word' id='word_1_15' title='bbox 537 2037 639 2117; x_wconf 85' lang='lat' dir='ltr'>laeva</span> <span class='ocrx_word' id='word_1_16' title='bbox 660 2035 735 2135; x_wconf 83' lang='lat' dir='ltr'>jam</span> <span class='ocrx_word' id='word_1_17' title='bbox 761 2035 858 2110; x_wconf 86' lang='lat' dir='ltr'>fonte</span> <span class='ocrx_word' id='word_1_18' title='bbox 882 2037 1013 2124; x_wconf 83' lang='lat' dir='ltr'>relicto,</span> 
     </span>
     <span class='ocr_line' id='line_1_6' title="bbox 192 2205 968 2294; baseline -0.004 -12"><span class='ocrx_word' id='word_1_19' title='bbox 192 2213 240 2282; x_wconf 84' lang='lat' dir='ltr'>Se</span> <span class='ocrx_word' id='word_1_20' title='bbox 266 2209 325 2283; x_wconf 88' lang='lat' dir='ltr'>via</span> <span class='ocrx_word' id='word_1_21' title='bbox 349 2207 512 2282; x_wconf 82' lang='lat' dir='ltr'>deflectat</span> <span class='ocrx_word' id='word_1_22' title='bbox 536 2207 661 2280; x_wconf 88' lang='lat' dir='ltr'>leviter</span> <span class='ocrx_word' id='word_1_23' title='bbox 684 2205 831 2280; x_wconf 86' lang='lat' dir='ltr'>declivis</span> <span class='ocrx_word' id='word_1_24' title='bbox 856 2207 968 2294; x_wconf 89' lang='lat' dir='ltr'>eunti,</span> 
     </span>
     <span class='ocr_line' id='line_1_7' title="bbox 194 2375 1073 2476; baseline -0.002 -24"><span class='ocrx_word' id='word_1_25' title='bbox 194 2378 288 2453; x_wconf 86' lang='lat' dir='ltr'>Otia&#39;</span> <span class='ocrx_word' id='word_1_26' title='bbox 305 2387 341 2451; x_wconf 89' lang='lat' dir='ltr'>et</span> <span class='ocrx_word' id='word_1_27' title='bbox 365 2377 541 2476; x_wconf 85' lang='lat' dir='ltr'>ingenuos</span> <span class='ocrx_word' id='word_1_28' title='bbox 566 2399 689 2462; x_wconf 86' lang='lat' dir='ltr'>mores,</span> <span class='ocrx_word' id='word_1_29' title='bbox 715 2376 816 2474; x_wconf 85' lang='lat' dir='ltr'>queis</span> <span class='ocrx_word' id='word_1_30' title='bbox 842 2375 974 2449; x_wconf 87' lang='lat' dir='ltr'>eminet</span> <span class='ocrx_word' id='word_1_31' title='bbox 999 2401 1073 2450; x_wconf 89' lang='lat' dir='ltr'>una</span> 
     </span>
     <span class='ocr_line' id='line_1_8' title="bbox 192 2545 1164 2646; baseline -0.001 -26"><span class='ocrx_word' id='word_1_32' title='bbox 192 2547 427 2646; x_wconf 75' lang='lat' dir='ltr'>Parthenope,</span> <span class='ocrx_word' id='word_1_33' title='bbox 454 2545 586 2620; x_wconf 86' lang='lat' dir='ltr'>vidisse</span> <span class='ocrx_word' id='word_1_34' title='bbox 612 2547 720 2619; x_wconf 87' lang='lat' dir='ltr'>iuvet.</span> <span class='ocrx_word' id='word_1_35' title='bbox 747 2546 817 2619; x_wconf 86' lang='lat' dir='ltr'>Via</span> <span class='ocrx_word' id='word_1_36' title='bbox 842 2545 1011 2644; x_wconf 81' lang='lat' dir='ltr'>panditur</span> <span class='ocrx_word' id='word_1_37' title='bbox 1036 2547 1164 2645; x_wconf 89' lang='lat' dir='ltr'>ampla,</span> 
     </span>
     <span class='ocr_line' id='line_1_9' title="bbox 194 2714 1180 2816; baseline -0.003 -25"><span class='ocrx_word' id='word_1_38' title='bbox 194 2721 350 2816; x_wconf 82' lang='lat' dir='ltr'>Scrupea</span> <span class='ocrx_word' id='word_1_39' title='bbox 374 2716 558 2816; x_wconf 87' lang='lat' dir='ltr'>praecipiti</span> <span class='ocrx_word' id='word_1_40' title='bbox 584 2741 691 2814; x_wconf 90' lang='lat' dir='ltr'>quarn</span> <span class='ocrx_word' id='word_1_41' title='bbox 719 2740 826 2813; x_wconf 89' lang='lat' dir='ltr'>supra</span> <span class='ocrx_word' id='word_1_42' title='bbox 852 2724 907 2788; x_wconf 84' lang='lat' dir='ltr'>est</span> <span class='ocrx_word' id='word_1_43' title='bbox 932 2714 1044 2788; x_wconf 87' lang='lat' dir='ltr'>thia</span> <span class='ocrx_word' id='word_1_44' title='bbox 1070 2714 1180 2790; x_wconf 89' lang='lat' dir='ltr'>dorso.</span> 
     </span>
     <span class='ocr_line' id='line_1_10' title="bbox 193 2882 1060 2985; baseline -0.007 -23"><span class='ocrx_word' id='word_1_45' title='bbox 193 2888 390 2985; x_wconf 82' lang='lat' dir='ltr'>Contiguis</span> <span class='ocrx_word' id='word_1_46' title='bbox 416 2886 541 2959; x_wconf 84' lang='lat' dir='ltr'>dextra</span> <span class='ocrx_word' id='word_1_47' title='bbox 566 2883 790 2984; x_wconf 89' lang='lat' dir='ltr'>protenditur</span> <span class='ocrx_word' id='word_1_48' title='bbox 816 2882 964 2957; x_wconf 85' lang='lat' dir='ltr'>aedibus</span> <span class='ocrx_word' id='word_1_49' title='bbox 990 2908 1060 2970; x_wconf 88' lang='lat' dir='ltr'>ora,</span> 
     </span>
    </p>
   </div>
   <div class='ocr_carea' id='block_1_5' title="bbox 194 3052 1135 3152">
    <p class='ocr_par' dir='ltr' id='par_1_5' title="bbox 194 3052 1135 3152">
     <span class='ocr_line' id='line_1_11' title="bbox 194 3052 1135 3152; baseline -0.005 -23"><span class='ocrx_word' id='word_1_50' title='bbox 194 3053 342 3129; x_wconf 87' lang='lat' dir='ltr'>Sordida</span> <span class='ocrx_word' id='word_1_51' title='bbox 368 3053 523 3152; x_wconf 84' lang='lat' dir='ltr'>stipatur</span> <span class='ocrx_word' id='word_1_52' title='bbox 547 3052 647 3151; x_wconf 88' lang='lat' dir='ltr'>plebs</span> <span class='ocrx_word' id='word_1_53' title='bbox 672 3075 760 3150; x_wconf 90' lang='lat' dir='ltr'>pone</span> <span class='ocrx_word' id='word_1_54' title='bbox 786 3076 847 3150; x_wconf 91' lang='lat' dir='ltr'>per</span> <span class='ocrx_word' id='word_1_55' title='bbox 872 3060 970 3126; x_wconf 89' lang='lat' dir='ltr'>arcta</span> <span class='ocrx_word' id='word_1_56' title='bbox 996 3052 1135 3126; x_wconf 89' lang='lat' dir='ltr'>viarum</span> 
     </span>
    </p>
   </div>
   <div class='ocr_carea' id='block_1_6' title="bbox 194 3221 1200 3345">
    <p class='ocr_par' dir='ltr' id='par_1_6' title="bbox 194 3221 1200 3345">
     <span class='ocr_line' id='line_1_12' title="bbox 194 3221 1200 3345; baseline -0.002 -50"><span class='ocrx_word' id='word_1_57' title='bbox 194 3224 366 3310; x_wconf 91' lang='lat' dir='ltr'>Plurima,</span> <span class='ocrx_word' id='word_1_58' title='bbox 392 3224 449 3296; x_wconf 87' lang='lat' dir='ltr'>oui</span> <span class='ocrx_word' id='word_1_59' title='bbox 475 3223 594 3296; x_wconf 88' lang='lat' dir='ltr'>tenuis</span> <span class='ocrx_word' id='word_1_60' title='bbox 620 3232 692 3295; x_wconf 84' lang='lat' dir='ltr'>rete</span> <span class='ocrx_word' id='word_1_61' title='bbox 717 3231 772 3345; x_wconf 73' lang='lat' dir='ltr'>est</span> <span class='ocrx_word' id='word_1_62' title='bbox 796 3231 832 3294; x_wconf 89' lang='lat' dir='ltr'>et</span> <span class='ocrx_word' id='word_1_63' title='bbox 857 3232 1029 3319; x_wconf 84' lang='lat' dir='ltr'>quaestus</span> <span class='ocrx_word' id='word_1_64' title='bbox 1056 3221 1200 3296; x_wconf 89' lang='lat' dir='ltr'>arundo.</span> 
     </span>
    </p>
   </div>
   <div class='ocr_carea' id='block_1_7' title="bbox 193 3392 1179 4180">
    <p class='ocr_par' dir='ltr' id='par_1_7' title="bbox 193 3392 1179 3817">
     <span class='ocr_line' id='line_1_13' title="bbox 195 3392 998 3491; baseline 0 -25"><span class='ocrx_word' id='word_1_65' title='bbox 195 3395 303 3466; x_wconf 90' lang='lat' dir='ltr'>Oram</span> <span class='ocrx_word' id='word_1_66' title='bbox 329 3393 504 3491; x_wconf 87' lang='lat' dir='ltr'>praetexit</span> <span class='ocrx_word' id='word_1_67' title='bbox 529 3392 630 3466; x_wconf 86' lang='lat' dir='ltr'>laeva</span> <span class='ocrx_word' id='word_1_68' title='bbox 656 3392 827 3490; x_wconf 85' lang='lat' dir='ltr'>piscaria:</span> <span class='ocrx_word' id='word_1_69' title='bbox 855 3415 998 3466; x_wconf 89' lang='lat' dir='ltr'>mensae</span> 
     </span>
     <span class='ocr_line' id='line_1_14' title="bbox 193 3561 1179 3661; baseline 0 -29"><span class='ocrx_word' id='word_1_70' title='bbox 193 3561 350 3633; x_wconf 89' lang='lat' dir='ltr'>Nomina</span> <span class='ocrx_word' id='word_1_71' title='bbox 376 3585 536 3659; x_wconf 90' lang='lat' dir='ltr'>quaeque</span> <span class='ocrx_word' id='word_1_72' title='bbox 562 3561 619 3634; x_wconf 91' lang='lat' dir='ltr'>sui</span> <span class='ocrx_word' id='word_1_73' title='bbox 646 3561 782 3634; x_wconf 87' lang='lat' dir='ltr'>iactant</span> <span class='ocrx_word' id='word_1_74' title='bbox 811 3562 982 3661; x_wconf 85' lang='lat' dir='ltr'>inscripta</span> <span class='ocrx_word' id='word_1_75' title='bbox 1009 3561 1179 3659; x_wconf 84' lang='lat' dir='ltr'>propolae.</span> 
     </span>
     <span class='ocr_line' id='line_1_15' title="bbox 195 3717 1014 3817; baseline 0 -13"><span class='ocrx_word' id='word_1_76' title='bbox 195 3733 322 3804; x_wconf 84' lang='lat' dir='ltr'>Ostrea</span> <span class='ocrx_word' id='word_1_77' title='bbox 348 3731 482 3803; x_wconf 90' lang='lat' dir='ltr'>nativis</span> <span class='ocrx_word' id='word_1_78' title='bbox 511 3717 663 3803; x_wconf 82' lang='lat' dir='ltr'>rutilant</span> <span class='ocrx_word' id='word_1_79' title='bbox 689 3731 873 3804; x_wconf 88' lang='lat' dir='ltr'>haerentia</span> <span class='ocrx_word' id='word_1_80' title='bbox 899 3731 1014 3817; x_wconf 88' lang='lat' dir='ltr'>testis,</span> 
     </span>
    </p>

    <p class='ocr_par' dir='ltr' id='par_1_8' title="bbox 194 3895 1134 4180">
     <span class='ocr_line' id='line_1_16' title="bbox 194 3895 1134 3997; baseline 0.004 -29"><span class='ocrx_word' id='word_1_81' title='bbox 194 3899 245 3969; x_wconf 87' lang='lat' dir='ltr'>Et</span> <span class='ocrx_word' id='word_1_82' title='bbox 269 3895 408 3972; x_wconf 88' lang='lat' dir='ltr'>levibus</span> <span class='ocrx_word' id='word_1_83' title='bbox 435 3899 588 3997; x_wconf 87' lang='lat' dir='ltr'>trepidat</span> <span class='ocrx_word' id='word_1_84' title='bbox 614 3898 759 3974; x_wconf 84' lang='lat' dir='ltr'>subtilis</span> <span class='ocrx_word' id='word_1_85' title='bbox 784 3900 957 3974; x_wconf 87' lang='lat' dir='ltr'>conchula</span> <span class='ocrx_word' id='word_1_86' title='bbox 982 3900 1134 3990; x_wconf 85' lang='lat' dir='ltr'>crustis;</span> 
     </span>
     <span class='ocr_line' id='line_1_17' title="bbox 196 4064 1130 4180; baseline 0.004 -46"><span class='ocrx_word' id='word_1_87' title='bbox 196 4064 301 4138; x_wconf 92' lang='lat' dir='ltr'>Vivit</span> <span class='ocrx_word' id='word_1_88' title='bbox 326 4066 431 4153; x_wconf 89' lang='lat' dir='ltr'>enirn,</span> <span class='ocrx_word' id='word_1_89' title='bbox 458 4066 564 4140; x_wconf 84' lang='lat' dir='ltr'>viridi</span> <span class='ocrx_word' id='word_1_90' title='bbox 591 4068 731 4166; x_wconf 80' lang='lat' dir='ltr'>spirans</span> <span class='ocrx_word' id='word_1_91' title='bbox 756 4092 775 4140; x_wconf 90' lang='lat' dir='ltr'>e</span> <span class='ocrx_word' id='word_1_92' title='bbox 800 4068 957 4166; x_wconf 87' lang='lat' dir='ltr'>sportula</span> <span class='ocrx_word' id='word_1_93' title='bbox 982 4067 1130 4180; x_wconf 82' lang='lat' dir='ltr'>odorem.</span> 
     </span>
    </p>
   </div>
   <div class='ocr_carea' id='block_1_8' title="bbox 195 4236 1151 4335">
    <p class='ocr_par' dir='ltr' id='par_1_9' title="bbox 195 4236 1151 4335">
     <span class='ocr_line' id='line_1_18' title="bbox 195 4236 1151 4335; baseline -0.002 -27"><span class='ocrx_word' id='word_1_94' title='bbox 195 4239 237 4308; x_wconf 87' lang='lat' dir='ltr'>Iu</span> <span class='ocrx_word' id='word_1_95' title='bbox 263 4245 370 4335; x_wconf 82' lang='lat' dir='ltr'>eaput</span> <span class='ocrx_word' id='word_1_96' title='bbox 396 4236 560 4334; x_wconf 89' lang='lat' dir='ltr'>obliquus</span> <span class='ocrx_word' id='word_1_97' title='bbox 587 4247 724 4311; x_wconf 86' lang='lat' dir='ltr'>teneros</span> <span class='ocrx_word' id='word_1_98' title='bbox 750 4238 808 4310; x_wconf 86' lang='lat' dir='ltr'>hio</span> <span class='ocrx_word' id='word_1_99' title='bbox 834 4246 1026 4310; x_wconf 84' lang='lat' dir='ltr'>commovet</span> <span class='ocrx_word' id='word_1_100' title='bbox 1051 4245 1151 4309; x_wconf 90' lang='lat' dir='ltr'>artus</span> 
     </span>
    </p>
   </div>
   <div class='ocr_carea' id='block_1_9' title="bbox 0 0 1627 5306">
    <p class='ocr_par' dir='ltr' id='par_1_10' title="bbox 0 0 1627 5306">
     <span class='ocr_line' id='line_1_19' title="bbox 0 0 1627 5306; baseline 0 0"><span class='ocrx_word' id='word_1_101' title='bbox 0 0 1627 5306; x_wconf 95' lang='lat' dir='ltr'> </span> 
     </span>
    </p>
   </div>
  </div>
 </body>
</html>
