3246 5314
490 803 911 901 GOSSIPION

651 1062 751 1072 —.--

505 1248 508 1258 ’
542 1297 859 1366 eudaemon

578 1651 813 1698 ARGUMENTUM

55 1843 179 1896 Ordinem
199 1844 383 1898 dicendorum
401 1845 480 1898 ducit
499 1847 518 1898 l.
539 1844 697 1926 Propositio
710 1844 802 1897 totius
821 1843 971 1897 Carminis.
985 1847 1016 1898 ll.
1037 1846 1159 1916 Gossipii
1178 1847 1356 1902 excellentia.

84 1915 123 1995 lll.
146 1914 259 1997 Divisio
279 1918 308 1969 et
331 1915 507 1998 enumeratio
525 1931 626 1996 operis.
651 1917 696 1970 lV.
716 1915 842 1997 Fruticis
862 1915 985 1997 Gossipii
1004 1917 1166 1988 descriptio,
1185 1918 1357 2002 multiplices

83 1987 1360 2129 111111111111111111111111119111111111111111

83 2126 197 2190 dudum,
225 2126 347 2180 sublatis
373 2127 491 2182 Vesuvii
511 2127 664 2191 cineribus,
688 2126 779 2180 veluti
799 2127 834 2179 ab
858 2127 982 2180 interitu
999 2127 1169 2183 vindicatos.
1194 2132 1360 2198 Vll.'Leges

85 2196 276 2264 assignantur
294 2197 327 2251 de
346 2199 416 2252 locis
437 2197 586 2266 eligendis,
604 2198 638 2250 de
657 2198 768 2250 serendi
787 2200 919 2267 tempore,
939 2198 973 2250 de
992 2198 1099 2268 plantis
1117 2201 1261 2264 curandis,
1280 2204 1308 2254 et
1327 2202 1361 2253 de

86 2273 212 2337 tempore
232 2268 341 2322 messis.
364 2270 432 2322 Vlll.
455 2267 626 2321 Excurritur
645 2267 676 2320 in
695 2268 818 2338 Aegypti
842 2269 939 2322 laudes
960 2269 1043 2337 (quae
1062 2269 1190 2340 primum,
1214 2274 1247 2323 ut
1267 2271 1362 2340 perhi-
1446 2266 1452 2287 ¹

85 2340 160 2402 bent,
180 2338 282 2391 extitit
301 2339 424 2409 Gossipii
438 2338 623 2409 plantarium)
643 2341 671 2391 et
685 2339 783 2408 paucis
803 2339 975 2392 describitur
987 2341 1104 2393 Fretum
1121 2357 1212 2411 nuper
1230 2344 1361 2411 apertum

84 2409 160 2461 inter
183 2409 282 2461 Asiam
305 2412 334 2462 et
352 2410 487 2463 Africam.
511 2411 557 2463 IX.
576 2409 647 2462 Hinc
671 2409 813 2462 commoda
836 2409 973 2477 digressio
996 2411 1031 2462 ad
1054 2411 1173 2481 Specum
1201 2411 1363 2482 nuperrime

85 2479 226 2544 effossum,
245 2495 300 2550 quo
319 2480 434 2550 pervius
454 2497 503 2551 per
521 2479 607 2550 Alpes
627 2480 769 2532 transitus
788 2480 924 2550 plaustris
944 2480 974 2532 vi
993 2481 1106 2552 vaporis
1126 2483 1288 2553 compulsis.

114 2677 141 2753 l.
199 2684 299 2766 Quae
325 2684 373 2756 sit
399 2684 556 2783 Gossipii
583 2693 722 2769 natura,
748 2684 830 2781 quis
857 2683 1031 2758 hactenus
1059 2711 1164 2758 usum

201 2852 333 2925 Cultus
361 2853 399 2924 in
425 2853 623 2925 humanum
649 2852 813 2924 canentia
840 2852 995 2925 stamina
1021 2862 1146 2939 vertat,

199 3019 367 3092 Forsitan
393 3020 458 3093 hoe
483 3021 618 3118 primus
645 3016 839 3090 meditabor
864 3020 1029 3092 carmine.
1057 3019 1144 3092 Vati

198 3192 245 3261 In
269 3190 370 3261 tenui
396 3190 510 3276 1111111,
537 3189 656 3262 tenuis
684 3213 755 3260 nou
781 3187 863 3261 inde
890 3189 1073 3287 voluptas;

199 3359 243 3431 Si
267 3358 377 3445 modo,
403 3383 495 3458 quae
519 3359 704 3456 nunqua'm
730 3357 827 3430 Latii
852 3356 998 3430 docuere
1023 3381 1217 3442 camoenae,
1348 3361 1366 3412 5

198 3525 349 3600 Iudiciis
376 3536 571 3600 monstrare
600 3547 727 3624 queam
753 3551 865 3600 novus
892 3527 967 3624 ipse
993 3527 1158 3599 vetustis.

197 3700 246 3768 In
272 3697 390 3793 parvis
417 3696 608 3794 spectanda
635 3695 754 3794 magis
781 3696 953 3767 miracula
979 3694 1104 3793 pandit

100 3997 128 4038 V.
145 3996 165 4039 l.
181 3997 221 4040 De
239 3994 365 4048 Gessipio,
380 3997 446 4048 quod
460 3995 519 4038 Itali
537 3997 624 4040 0010111
639 3998 739 4047 vocant,
756 3996 818 4039 haec
833 3993 939 4046 Plinius,
955 3993 987 4046 19,
1003 3994 1019 4035 l.
1034 3994 1055 4038 2.
1071 4004 1095 4035 n.
1116 3993 1136 4036 3.
1152 3993 1293 4046 «Superior
1308 4004 1367 4048 pars

56 4065 160 4121 Aegypti
175 4067 205 4108 in
221 4063 347 4109 Arabiam
361 4075 470 4120 vergens
485 4065 573 4121 gignit
586 4065 716 4117 fruticem,
732 4075 808 4118 quem
820 4063 900 4118 aliqui
915 4063 1049 4117 Gessipion
1061 4066 1161 4116 vocant,
1176 4063 1262 4116 plures
1278 4063 1371 4118 Xylon,

56 4138 76 4174 et
89 4137 142 4180 ideo
152 4138 212 4179 lina
223 4135 288 4177 inda
302 4133 378 4187 facta,
392 4134 486 4190 xylina.
502 4137 600 4179 Parvus
611 4137 658 4187 ast,
673 4135 835 4188 similemque
846 4135 965 4178 barbatae
976 4133 1050 4177 nucis
1064 4133 1146 4176 defert
1160 4131 1284 4186 fructum,
1296 4134 1371 4175 cuius

56 4213 80 4246 er
93 4206 220 4251 interiore
236 4206 362 4259 bombyce
376 4205 471 4261 lanugo
484 4207 568 4248 netur.
583 4206 635 4248 Nec
649 4205 703 4248 ulla
717 4207 779 4249 sunt
793 4206 830 4248 eis
846 4205 952 4247 candore
967 4203 1111 4248 mollitiave
1131 4201 1301 4257 praeferenda.
1318 4203 1371 4247 Ve-

56 4279 100 4320 stes
115 4281 174 4322 inde
191 4275 382 4323 Sacerdotibus
396 4277 508 4331 Aegypti
522 4277 700 4332 gratissima.»
