3246 5314
789 469 985 540 42..

375 701 615 800 Ingeminant,
641 699 775 772 alacres
800 707 837 772 et
862 698 964 796 pleno
987 705 1136 795 gutture
1161 697 1302 774 sorbent

377 873 632 968 Evacuantque
657 867 771 943 cados.
797 870 889 941 Tum
914 867 1058 942 demum
1082 893 1233 967 corpora,
1259 869 1342 943 vino

377 1039 518 1127 Vincta,
545 1039 618 1114 solo
644 1061 790 1112 somnus
816 1035 911 1112 nudo
936 1038 1177 1136 complectitur
1201 1038 1308 1113 altus.

378 1213 408 1284 0
433 1209 630 1282 fortunatos
655 1206 818 1294 nimium,
845 1207 946 1305 queis
972 1207 1091 1281 taedia
1116 1207 1193 1281 ludi

377 1382 502 1479 Longa
528 1379 610 1454 novi
635 1377 752 1452 brevis
778 1379 845 1451 hae
870 1403 998 1452 census
1024 1377 1180 1452 mercede
1205 1378 1384 1476 rependit!
1504 1409 1563 1464 380

380 1552 428 1623 Et
452 1549 514 1622 vix
540 1548 689 1623 subdio
715 1549 810 1622 nocti
837 1557 990 1647 aequata
1014 1548 1097 1635 otia,
1125 1572 1269 1623 mensae

379 1721 525 1794 Fercula
552 1729 588 1793 et
612 1719 767 1818 exiguae
793 1728 968 1817 reparant,
995 1717 1188 1838 laudesque
1212 1717 1378 1815 magistri

382 1888 540 1962 Membra
566 1887 629 1960 diu
654 1887 781 1960 durata
807 1887 913 1984 operi,
940 1894 1049 1984 atque
1074 1887 1113 1959 in
1138 1886 1289 1984 pristina
1315 1885 1423 1959 vires.

233 2051 338 2130 Xlll.
385 2057 507 2154 Longe
531 2054 687 2154 disparia
710 2056 782 2128 heu
807 2054 957 2154 miserae
982 2062 1081 2128 stant
1106 2054 1262 2153 praemia
1286 2053 1403 2152 genti,

384 2226 492 2310 Quae,
521 2224 664 2321 penitus
691 2223 884 2329 submersa,
910 2223 1035 2324 legens
1060 2223 1231 2320 percurrit
1256 2245 1315 2297 eoo
1511 2253 1570 2309 385

384 2396 519 2467 Oceano
546 2392 708 2478 conchas,
735 2390 834 2494 ludis
860 2390 988 2466 solatia
1014 2391 1133 2488 vulgo.

381 2566 456 2635 lam
484 2560 632 2652 fervent,
660 2560 836 2670 pictisque
861 2558 1042 2658 effulguut
1067 2583 1218 2658 aequora.
1243 2560 1404 2660 cymbis:

380 2729 569 2826 Barbarico
595 2729 680 2832 hine
705 2729 903 2832 instructus
930 2753 1002 2827 ope,
1030 2729 1131 2802 illinc
1156 2728 1320 2804 horridus
1344 2751 1404 2804 ore

384 2898 514 2974 Coetus
541 2906 689 3002 uterque
715 2896 846 2985 adstat,
873 2898 1001 2971 iaculis
1027 2897 1238 2971 metuendus
1263 2907 1299 2972 et
1323 2898 1452 2986 armis,

384 3070 503 3183 Atque
528 3019 645 3171 popae,
671 3067 785 3154 vmulto
810 3091 921 3164 grege
945 3074 1179 3153 consectante,
1209 3067 1360 3165 superbi.
1517 3100 1576 3156 390

387 3236 488 3320 Tune
515 3234 622 3336 simul
646 3237 781 3340 aceepit
806 3236 961 3311 sonitum
986 3260 1078 3334 gens
1103 3260 1182 3310 aere
1207 3260 1331 3311 canoro

385 3400 571 3489 piscatrix,
598 3405 713 3502 capite
738 3405 881 3480 obverso
907 3429 968 3503 per
992 3406 1133 3478 caerula
1159 3407 1255 3478 saltu

387 3569 552 3672 Volvitur
578 3571 617 3644 in
642 3597 824 3671 praeceps:
851 3597 921 3646 non
946 3573 1001 3645 illi
1027 3582 1121 3646 tecta
1146 3574 1262 3648 tenaci

387 3735 537 3834 Corpora
563 3739 680 3826 lorica,
707 3741 811 3814 vitrei
836 3750 901 3815 aut
926 3741 1121 3816 cervicibus
1147 3743 1257 3817 orbes.

382 3904 490 4004 lluda
510 3916 629 3994 uetat,
657 3909 879 4008 conchasque
906 3935 1015 3981 manu
1041 3910 1282 4009 comprendere
1308 3920 1425 3984 certat
1526 3949 1585 4003 395

383 4075 545 4173 Forcipis
571 4076 696 4164 instar,
724 4101 826 4150 caeca
851 4077 955 4176 pedes
982 4079 1020 4150 in
1045 4080 1178 4177 praelia
1202 4080 1355 4152 miscens

386 4245 627 4345 Brachioque:
655 4249 798 4322 exacuit
824 4247 930 4320 fortes
956 4247 995 4319 in
1020 4257 1154 4346 pectore
1180 4248 1273 4320 vires
