3246 5314
664 469 859 538 ..,37,

247 706 353 775 Sacra
377 704 481 786 Deae,
511 698 640 796 subitis
667 698 844 797 praesenti
869 697 937 772 rite
963 700 1162 798 triumphos

247 873 391 944 Vertere
417 868 622 942 funeribus!
651 871 710 962 Te,
739 867 854 954 Publi,
883 893 929 940 an
954 867 1110 944 maxime
1136 872 1242 958 Tulli,
1360 901 1411 957 145

247 1041 298 1111 Te
322 1039 534 1113 memorem?
559 1046 632 1124 aut,
660 1063 760 1111 sacra
786 1039 903 1112 victus
930 1039 1119 1119 formidine
1144 1052 1310 1131 mentem,

251 1209 310 1320 Te,
335 1216 399 1280 tua
423 1225 515 1306 quae
540 1205 738 1305 perhibent,
765 1175 941 1293 Diomede,
969 1216 1062 1282 tecta
1088 1215 1297 1308 pererrans?

248 1383 304 1452 Tu
329 1380 447 1453 fueras
473 1379 603 1466 forsan,
629 1378 741 1477 primo
768 1378 828 1451 hic
853 1378 893 1450 in
919 1388 1017 1477 poste
1042 1389 1219 1478 repertum

248 1549 359 1633 Quem
384 1548 509 1634 multa,
536 1546 606 1620 heu
631 1547 756 1645 pietas,
783 1546 940 1620 incensa·
954 1546 1124 1621 cadavera
1150 1548 1311 1648 cingunt.

248 1721 308 1789 An
331 1726 405 1802 tua,
434 1717 572 1803 Crasse,
599 1716 669 1790 levi
696 1716 854 1790 labentia
881 1715 1008 1790 balnea
1033 1711 1192 1817 lympha,
1360 1748 1410 1804 150

247 1889 353 1958 Anne
377 1884 518 1959 domum
543 1885 757 1958 memorem?
782 1887 874 1957 Tum
900 1908 980 1958 vero
1006 1909 1134 1959 saevus
1160 1897 1301 1962 euntem

250 2055 476 2141 Circumstat,
503 2054 741 2155 lacrymisque
767 2053 887 2126 horror
913 2076 969 2125 me
993 2053 1112 2126 tardat
1137 2055 1276 2128 obortis.

251 2224 392 2297 Scilicet
415 2223 475 2297 hic
502 2232 628 2297 sortem
654 2231 771 2321 repeto
796 2223 987 2295 miseratus
1016 2222 1176 2322 iniquam

252 2393 299 2465 Et
323 2392 458 2478 matris,
483 2393 658 2490 gnatique
685 2391 742 2465 sui
767 2391 1003 2490 geminaeque
1029 2393 1164 2466 sororis.

251 2561 446 2659 Amplexae
470 2571 614 2660 patuere
641 2562 759 2649 simul,
785 2571 930 2660 patuere
956 2573 1153 2660 prementes
1363 2593 1414 2650 155

250 2729 389 2814 Oscula,
416 2727 501 2803 dum
527 2730 694 2827 querulas
720 2753 820 2803 voces
847 2729 1041 2804 frustratus
1068 2731 1210 2806 hiantes

250 2895 401 2995 Corpora
427 2897 549 2971 iuncta
575 2898 666 2972 cinis
691 2898 811 2971 tenuis
838 2900 1042 2998 compressit
1068 2901 1107 2973 in
1134 2853 1232 3000 igne,

249 3067 343 3141 Hinc
368 3070 427 3141 via
454 3069 618 3143 funereas
646 3070 749 3143 iuxta
775 3094 866 3169 quae
892 3069 991 3144 ducit
1016 3071 1062 3143 ad
1088 3098 1187 3146 aras:

252 3238 399 3312 Flebilis
427 3263 471 3312 en
496 3239 625 3314 iterum
651 3239 786 3338 lapides
812 3249 948 3314 tectura
974 3242 1125 3337 sepulcri

255 3406 368 3480 Arbor
394 3407 504 3480 adest.
531 3408 634 3482 Certe
659 3407 736 3494 tibi,
763 3433 872 3505 parva
898 3432 917 3481 o
942 3409 1058 3495 Arria,
1085 3409 1195 3494 vobis,
1364 3437 1414 3490 iso

250 3578 373 3651 Velasr
399 3587 434 3650 et
460 3578 569 3663 Salvi,
597 3576 663 3650 tibi
691 3586 727 3649 et
752 3602 771 3651 o
799 3577 876 3649 sine
901 3577 1043 3650 nomine
1068 3587 1168 3663 tecta

248 3748 420 3845 Quisquis
446 3771 495 3835 es,
522 3773 691 3820 areanum
717 3745 900 3819 muliebris
926 3746 1060 3844 pignus
1087 3748 1226 3833 amoris,

249 3917 413 3992 Calventi
440 3916 635 4015 Labeoque,
663 3916 799 4014 tibique
825 3915 947 4015 Tycha
973 3917 1152 4002 Nevoleia,

137 4238 178 4284 V.
198 4233 249 4278 162
266 4233 334 4276 Inter
348 4234 525 4288 Pompeiorum
538 4233 666 4288 sepulcra,
681 4243 746 4287 quae
760 4232 910 4275 summatim
924 4233 1087 4288 attingimus,
1103 4233 1198 4276 mirum
1208 4233 1274 4276 iliud
1289 4234 1412 4288 invenies,

72 4313 168 4356 cuius
186 4304 328 4361 inscriptio
341 4305 473 4352 «Servilia
485 4306 565 4349 amico
577 4307 676 4348 animae
689 4315 753 4348 arrae.
761 4315 775 4349 »
