3236 5306
639 451 835 520 -93-

213 675 345 749 Dulcis
371 675 536 774 epistolii.
566 677 688 750 Voluit
713 679 764 752 sic
791 679 932 755 sordida
958 684 1072 773 turba,

213 847 336 931 Quam
362 847 487 922 meritc
512 847 632 946 plebes
658 873 770 948 nuper
796 849 924 926 deiecit
949 854 994 928 ab
1019 859 1126 944 Aula.

214 1017 298 1101 Quo
323 1017 378 1092 vir
403 1041 553 1116 cumque
580 1020 672 1092 volet
700 1019 775 1114 (vix
800 1020 865 1098 hoc
891 1023 1092 1100 conceditur
1117 1035 1243 1126 unum)

212 1192 322 1287 Itque
347 1188 508 1288 reditque
533 1189 611 1264 vias
638 1190 767 1266 ferrata
794 1192 938 1266 tramite
962 1196 1089 1292 gratis.

214 1363 317 1460 Ergo
343 1370 429 1434 tune
454 1360 544 1434 feres
570 1384 678 1458 aegre
703 1361 914 1460 quandoque
941 1363 1073 1440 sodalis

215 1530 406 1604 Exilarare
431 1530 621 1604 animum?
646 1528 764 1616 Sedes
791 1554 836 1602 ne
860 1533 1017 1628 praemia
1043 1532 1170 1608 frontis

215 1700 384 1775 Urbanas
409 1724 575 1798 spernas:
603 1700 693 1774 alios
711 1711 897 1798 ¹praestare
924 1702 1060 1778 videbis

214 1873 365 1944 Prorsus
391 1869 495 1957 idem,
522 1869 694 1968 insignes.
713 1869 833 1943 titulis
860 1879 895 1944 et
921 1871 1063 1944 nomine
1089 1897 1245 1948 avorum.

213 2042 291 2113 Imo
306 2037 347 2112 'si
374 2038 461 2138 quid
486 2039 607 2125 habes,
634 2047 757 2112 contra
783 2065 824 2112 ac
849 2039 1030 2137 plebecula
1058 2043 1178 2130 credit,

215 2207 342 2282 Libere
366 2216 402 2282 et
427 2207 504 2306 ipsc
528 2206 624 2305 loqui
650 2205 783 2342 cupias.
810 2205 992 2305 Rubigine
1017 2209 1090 2283 tela

216 2383 293 2454 Iam
319 2380 451 2478 periere
475 2379 589 2452 Petri:
618 2377 770 2452 timeant
795 2376 883 2451 haec
908 2403 1006 2452 arma
1032 2380 1157 2477 pusilli

213 2549 413 2650 Infirmiqui
439 2549 610 2625 homines.
639 2547 734 2622 Satis
760 2547 908 2623 esttibi
934 2549 1100 2647 plaudere
1125 2551 1277 2640 turbam,

213 2723 334 2819 Teque
358 2721 487 2820 iugum
514 2720 643 2795 servile
668 2717 787 2793 animo
813 2719 1016 2794 excussisse
1041 2720 1157 2795 fateri.

214 2895 266 2964 At
290 2914 531 3002 quaecumque
556 2891 623 2966 tibi
649 2891 796 2990 posthac
822 2890 871 2964 sit
896 2889 994 2989 copia
1020 2889 1131 2978 fandi,

214 3059 254 3134 Si
280 3060 429 3136 fautoris
455 3085 551 3160 eges
579 3072 708 3136 cautus
734 3071 775 3136 tu
800 3071 957 3159 tempora
982 3086 1121 3161 quaere.

169 3304 172 3309 .
212 3217 382 3304 Ermritur
404 3215 522 3306 iabics
547 3231 658 3319 canis,
684 3240 720 3306 et
744 3231 869 3330 gravis
895 3231 988 3306 aeris
1014 3256 1121 3306 aurae

212 3399 321 3474 Ruris
346 3409 520 3477 amatores
545 3410 681 3498 cogunt
705 3399 882 3476 discedere
908 3400 954 3474 ab
979 3401 1075 3487 urbe,

211 3572 348 3668 Rumpe
372 3596 498 3657 moras,
526 3571 712 3668 legemque
738 3594 844 3668 roga:
872 3569 1046 3669 suffragia
1072 3569 1203 3656 cuncti,
1224 3649 1228 3656 ,

210 3740 304 3856 Quid
328 3739 502 3814 dubitas?
527 3748 648 3837 optata
674 3738 822 3813 dabunt.
848 3740 922 3812 Ncc
947 3738 1111 3812 novimus
1137 3763 1261 3822 unum,

212 3911 266 3981 Da
291 3911 442 3996 veniam,
470 3910 580 3984 socios
608 3910 702 3983 inter
727 3910 790 4009 qui
816 3918 939 4009 sponte
965 3919 1102 3984 recuset

209 4080 415 4153 Pelliculam
442 4085 563 4153 cura‘re
591 4106 713 4160 suam:
741 4103 812 4153 non
838 4080 954 4178 patria
978 4080 1071 4153 tanti
1098 4088 1161 4152 est.

210 4249 357 4346 Insuper
382 4248 456 4346 ipse
481 4248 577 4321 doles
603 4271 750 4333 mecum,
777 4247 868 4347 quod
895 4248 1026 4322 femina
1052 4247 1153 4322 nobis
1280 4249 1283 4252 ’
