3246 5314
751 447 926 516 ..ss-

213 671 281 749 lll.
333 683 556 776 Aequoreum
583 674 642 749 sed
668 675 754 749 item
780 675 944 750 fruticem
969 698 1039 747 non
1065 673 1194 748 occulit
1223 697 1326 748 omne
1472 701 1513 754 45

331 846 451 920 Littus
479 846 598 918 alens:
629 843 729 918 modo
755 852 879 942 sponte
904 842 1009 929 valet,
1036 840 1136 915 modo
1162 841 1251 915 ferre
1275 848 1426 916 recusat.

333 1016 411 1101 Qua
436 1014 573 1115 Libyae
600 1013 704 1087 siccis
732 1012 897 1111 squalent
922 1009 1081 1108 magalia
1105 1011 1219 1096 terris

333 1186 504 1259 Herculeo
529 1182 716 1257 claudente
741 1181 839 1268 freto,
866 1207 947 1279 pars
972 1180 1141 1267 maxima,
1167 1179 1303 1280 Syrtim

334 1353 392 1428 Ad
416 1353 600 1452 geminam
630 1358 788 1448 serpunt,
815 1347 953 1422 umbris
978 1356 1114 1421 tectura
1140 1355 1293 1446 nepotes,

301 1527 306 1552 ¹
334 1523 416 1598 Non
442 1531 586 1596 centum
613 1521 644 1594 si
671 1519 819 1620 cymbae
844 1519 989 1604 instent,
1017 1542 1087 1594 non
1112 1517 1258 1592 brachia
1282 1516 1390 1589 mille.
1472 1542 1513 1598 50

335 1657 497 1766 Saidonii
526 1701 603 1766 tum
629 1715 708 1764 orae
734 1689 896 1787 gaudent
920 1687 1101 1787 Siculique
1125 1687 1253 1760 tulisse

333 1862 492 1950 Litteris,
519 1861 627 1960 inque
653 1861 756 1933 sinus
781 1885 853 1958 qua
880 1859 1000 1959 Cyrno
1025 1855 1207 1955 frangitur
1232 1853 1356 1942 omnis,

335 2033 384 2105 Et
408 2033 514 2129 longe
540 2031 668 2105 rubeas
694 2053 785 2128 quae
811 2029 962 2126 tingunt
986 2051 1159 2100 marmora
1185 2049 1321 2098 arenas.

335 2200 402 2273 Hic
427 2200 522 2287 data,
548 2199 728 2272 diversum
754 2197 919 2296 quamvis
945 2197 984 2268 in
1010 2194 1125 2282 fenus,
1150 2191 1325 2268 habendis

336 2369 487 2444 Coraliis
514 2370 632 2456 statie,
660 2369 805 2441 faveant
830 2366 916 2440 dum
942 2365 1042 2440 docta
1067 2366 1202 2465 petenti

336 2543 590 2624 Instrumenta,
618 2563 704 2613 suas
731 2545 766 2609 et
791 2537 872 2634 lege
896 2544 1063 2609 vocentur
1087 2535 1127 2606 in
1152 2542 1256 2608 artes

276 2763 284 2779 .
316 2707 429 2780 'Hinc
455 2704 635 2781 condenda
662 2706 761 2792 ratis,
788 2705 891 2778 cuius
916 2731 998 2803 pars
1023 2673 1160 2803 planior
1185 2705 1257 2778 ima

336 2877 410 2950 Vix
435 2884 545 2963 natet,
574 2884 821 2974 antennaeque
845 2874 967 2950 breves
988 2875 1151 2949 tabulata
1175 2873 1349 2971 fatigent:

336 3047 413 3130 Quo
439 3045 577 3133 melius
604 3042 690 3118 dum
716 3044 828 3118 fervet
853 3043 951 3143 opus,
978 3046 1081 3142 pleno
1108 3044 1217 3116 incita
1244 3044 1321 3117 velo

334 3219 411 3287 Aut
437 3213 562 3287 subeat
587 3213 718 3287 validis
744 3215 893 3288 fluitans
919 3214 1028 3286 maris
1054 3213 1153 3286 invia
1178 3214 1295 3286 remis.
1475 3239 1517 3294 60

335 3387 455 3456 Aurea
480 3407 551 3456 non
576 3383 670 3458 facta
697 3377 884 3482 exsuperet
909 3381 1088 3456 testudine
1113 3383 1241 3481 puppis

337 3553 474 3639 Costas,
501 3575 565 3626 nec
591 3578 728 3627 summo
752 3541 907 3650 vigilent
932 3551 1111 3624 carchesia
1136 3552 1248 3643 malo,

335 3722 460 3819 Longa
489 3722 569 3794 viae
594 3747 665 3796 non
690 3711 765 3795 ulla
793 3723 915 3795 levans
941 3720 1087 3795 fastidia
1114 3746 1217 3819 gaza,

188 3964 338 3977 ——u-

242 4129 272 4173 V.
286 4130 372 4176 84-86.
388 4130 543 4186 cymbarum
558 4139 681 4174 numerus
696 4140 740 4185 pro
755 4128 935 4174 nauclerorum
949 4128 1119 4175 facultatibus
1134 4131 1310 4174 constituitur.
1326 4129 1520 4181 Reformidant

187 4198 257 4241 enim
272 4199 420 4255 impensam,
435 4211 507 4255 quae,
522 4201 545 4243 si
559 4201 799 4254 instrumentorum,
815 4202 973 4243 commeatus
987 4201 1013 4242 et
1027 4200 1147 4254 stipendii
1162 4201 1255 4254 cuique
1264 4202 1359 4244 nautae
1374 4201 1518 4256 tribuendi

189 4269 301 4320 pretium
315 4274 447 4326 supputes,
462 4280 506 4328 pro
521 4269 633 4325 singulis
648 4270 745 4325 cymbis
759 4271 870 4323 quatuor
884 4267 966 4312 millia
980 4272 1161 4324 argenteorum
1175 4271 1322 4314 italicorum
1337 4271 1447 4315 excedit.
