3246 5314
794 495 992 564 „18-

384 733 479 802 Ante
503 726 614 826 pudor
639 725 746 799 violet
772 749 879 824 quarn
904 724 1019 797 lactea
1044 719 1206 796 conscius
1231 743 1301 792 ora.

383 899 477 971 Hinc
502 920 665 970 numeros
692 903 825 968 nautae
850 892 989 966 faciunt
1014 898 1050 963 et
1075 889 1237 964 nomina:
1265 888 1333 962 soli

382 1065 527 1141 Ductori
553 1067 611 1138 ius
636 1063 780 1138 assidue
804 1063 946 1161 digesta
971 1062 1074 1135 tueri.

327 1293 335 1308 .
386 1237 480 1322 Mox,
508 1233 569 1308 ubi
595 1233 759 1307 collectae
785 1232 889 1318 vires,
916 1230 960 1304 de
985 1255 1079 1304 more
1104 1229 1272 1304 iuventus

385 1403 475 1476 Vela
500 1401 597 1489 facit,
623 1400 805 1498 fidensque
830 1400 901 1474 alio
927 1398 1108 1472 traducere
1134 1399 1248 1496 gestit
1505 1429 1552 1482 ‘295

385 1571 563 1672 Cymbas:
589 1571 674 1644 hinc
699 1569 834 1657 laudes,
860 1569 961 1643 illinc
986 1578 1121 1642 arrecta
1146 1569 1281 1668 cupide,

384 1740 483 1826 Quod
511 1740 625 1840 prima
651 1739 819 1826 annuerit
843 1737 949 1813 factis
975 1737 1118 1812 fortuna
1144 1737 1294 1836 periclis,

384 1909 586 1983 Sollicitant
610 1908 823 2005 firmantque
847 1907 952 1982 viros.
978 1909 1054 1980 Iarn
1079 1906 1182 2004 ligna
1208 1929 1268 2005 per
1292 1929 1429 2004 aequor

383 2079 480 2150 Dant
505 2049 645 2163 iterum,
671 2076 843 2174 pronique
867 2076 995 2149 iterum
1023 2075 1228 2151 subvolvere
1252 2074 1357 2149 funes

384 2245 473 2319 Orbe
498 2245 633 2342 plicant
658 2244 898 2344 replicantque
923 2245 1020 2318 vias:
1048 2245 1139 2318 color
1164 2243 1264 2317 ardet
1287 2243 1327 2315 in
1352 2267 1426 2333 ore,
1508 2274 1554 2330 300

382 2413 535 2488 Brachia
560 2422 597 2487 et
621 2412 784 2486 adductis
809 2413 924 2486 livent
948 2421 985 2486 et
1009 2421 1165 2511 tempora
1190 2411 1320 2484 nervis.

384 2583 562 2657 Nauticus
588 2583 789 2681 insequitur
814 2584 953 2669 clamor,
979 2582 1176 2679 laxantque
1201 2581 1428 2678 trahuntque

383 2753 479 2825 Pone
504 2752 633 2839 trabes,
660 2752 692 2826 si
718 2752 807 2828 forte
832 2761 926 2826 rates
951 2775 1016 2825 nec
1040 2753 1143 2850 plura
1168 2751 1330 2850 legentes

383 2923 496 2995 Passa
521 2921 591 3007 via,
619 2930 684 2995 aut
709 2923 868 3032 scopulos
893 2920 1016 2995 ductor
1040 2921 1090 2994 sit
1114 2929 1242 2994 nactus
1269 2927 1425 3019 apertos.

384 3088 579 3188 Obliquant
603 3097 824 3190 tantamque,
850 3090 963 3177 vadis,
990 3091 1058 3166 iter
1083 3115 1195 3178 omne,
1222 3089 1377 3189 negatis,
1510 3119 1557 3174 305
1594 3159 1595 3196 3

384 3257 533 3332 Viribus
558 3259 677 3333 innixi
702 3259 864 3346 summis,
890 3284 961 3357 pax
986 3259 1088 3334 nulla
1113 3259 1304 3358 quiesque;
1594 3199 1595 3258 l

382 3428 431 3501 Et
456 3426 566 3516 divos
591 3455 739 3529 quorum
765 3429 923 3502 referunt
948 3430 1159 3528 cognomina
1185 3454 1329 3530 puppes

385 3600 479 3671 Voce
504 3609 631 3674 vocant
655 3599 795 3687 humili,
821 3600 1019 3699 trepidique
1045 3601 1086 3674 in
1112 3609 1194 3675 vota
1220 3599 1393 3698 fatigant.
1446 3633 1456 3652 1

388 3770 417 3841 0
441 3768 590 3866 quoties,
616 3795 726 3867 quum
753 3794 857 3869 saepe
880 3779 976 3844 ratos
1003 3796 1100 3870 spem
1128 3770 1264 3845 credere
1288 3777 1410 3868 ponto,

384 3937 507 4010 Elusit
530 3963 621 4014 vano
646 3938 776 4038 praeda
800 3948 984 4038 expectata
1009 3938 1130 4027 labori,
1279 3905 1286 3912 .
1509 3966 1558 4022 310

385 4107 631 4207 Nequicquam
657 4108 828 4184 infectum
856 4109 979 4184 foedus
1004 4132 1200 4207 cursusque
1225 4111 1442 4207 precantur!

384 4279 559 4362 Quattuor
584 4279 746 4377 expletis,
772 4304 883 4377 quum
909 4279 1036 4377 quinta
1063 4277 1245 4352 advenerit
1269 4277 1367 4362 hora,
