3246 5314
659 467 854 535 „45...

248 695 412 792 Raraque
437 717 497 792 per
523 696 646 795 sylvas
672 695 821 792 fugiunt
846 697 1014 794 magalia,
1041 698 1217 770 scandunt
1359 663 1411 783 316

248 865 405 938 Tramite
431 865 559 940 ferrato
584 868 763 965 compulsa
790 869 978 967 vaporibus
1004 871 1117 944 altum

245 1035 413 1107 Plaustra
439 1037 665 1133 supercilium
691 1037 859 1111 barathri.
887 1043 970 1114 Mox
996 1041 1166 1116 cominus
1180 1052 1287 1141 atque

246 1205 398 1278 Eminus
423 1205 591 1304 inspicies
616 1215 803 1281 montanas
830 1235 975 1307 surgere
1001 1212 1129 1310 raptim

158 1466 164 1476 ἢ
249 1373 439 1446 Frontibus
465 1373 670 1472 imparibus,
698 1375 805 1448 simul
830 1385 866 1448 et
891 1403 1077 1452 vanescere
1101 1381 1220 1454 moles

252 1543 396 1640 Iamque
411 1541 528 1640 globis
554 1546 697 1632 mixtae,
716 1547 864 1620 revomit
889 1573 976 1647 quos
995 1549 1166 1622 Mulciber
1191 1549 1331 1624 undans
1359 1577 1411 1633 315

253 1714 327 1784 Ima
351 1721 478 1810 petunt
503 1714 662 1801 nebulae,
690 1692 831 1813 lateipue
856 1740 916 1814 per
940 1717 1084 1790 aethera
1112 1717 1256 1791 sistunt.

168 1925 171 1931 ·
255 1881 391 1955 Cuncta
418 1883 543 1956 silent:
570 1855 692 1956 1616116
718 1892 859 1956 tantum
884 1895 959 1958 rota
985 1869 1121 1959 concita
1147 1912 1269 1992 currus

254 2055 300 2126 Et
324 2053 419 2128 lento
445 2055 601 2127 sonitum
629 2054 691 2127 dat
716 2078 839 2153 repens
866 2055 976 2127 Duria
1003 2081 1118 2128 cursu.

255 2227 327 2296 lam
353 2232 451 2322 patet
477 2224 631 2298 aetherei
658 2224 800 2310 montis,
827 2224 885 2296 cui
911 2222 1054 2296 nomina
1080 2223 1164 2296 fecit

258 2393 408 2481 Cottius,
435 2393 587 2467 aeternis
613 2393 722 2466 facies
747 2401 905 2468 concreta
932 2393 1080 2491 pruinis.
1196 2377 1197 2384 ¹
1364 2418 1416 2473 320

255 2563 347 2635 Hinc
372 2571 531 2662 cryptam
558 2563 748 2636 adventare
774 2571 918 2637 monent
943 2563 1063 2661 procul
1088 2585 1220 2660 aggere
1246 2562 1285 2633 in
1310 2584 1381 2633 uno

256 2733 436 2807 Montibus
462 2733 579 2808 effossi
606 2734 734 2821 silices,
761 2742 803 2805 ut
829 2734 936 2806 inane
961 2758 1022 2831 per
1048 2733 1155 2831 Alpes

253 2905 369 2975 Staret
393 2902 469 2975 iter.
497 2902 616 2976 Cursu
640 2903 762 2976 laxato
788 2903 846 2976 hic
872 2912 1022 3000 utraque
1047 2901 1130 2974 ferri

253 3071 432 3146 Obteritur
456 3094 587 3168 magno
613 3069 766 3143 stridens
793 3071 860 3144 sub
885 3069 1034 3169 pondere
1059 3070 1189 3142 lamna.

253 3240 479 3313 Vestibulum
506 3249 589 3312 ante
613 3241 730 3366 ipsum
757 3240 900 3314 tubicen
925 3239 988 3312 dat
1015 3240 1141 3337 61616,-
1168 3264 1336 3312 cavernae
1363 3268 1416 3322 325

255 3406 396 3480 Cornua
409 3406 640 3506 respondent,
669 3407 894 3505 sonitumque
919 3407 1047 3479 iterata
1067 3408 1246 3480 volutant.

157 3775 190 3818 V.
205 3774 252 3819 320.
268 3775 367 3829 Cottiae
381 3775 466 3829 Alpes
476 3785 541 3828 quae
556 3775 655 3818 Gallias
665 3775 695 3818 ab
709 3775 784 3818 116116
798 3774 926 3826 dividunt,
938 3783 1029 3816 nomen
1043 3783 1163 3827 accepere
1178 3784 1193 3816 6
1207 3774 1292 3818 Cottio
1307 3777 1416 3829 quodam

90 3846 208 3903 regulo,
222 3845 266 3898 qui
276 3846 390 3888 tractum
400 3844 504 3899 Alpium
514 3843 578 3889 61166
588 3854 650 3900 pene
665 3845 774 3896 invium,
784 3845 892 3887 structis
902 3843 1018 3895 molibus,
1029 3843 1142 3886 transitu
1154 3845 1347 3887 commodiorem
1357 3845 1418 3888 red-

91 3919 180 3964 didit.
196 3914 233 3960 CI.
249 3915 312 3959 Piin.
328 3915 459 3966 661661,
475 3915 572 3957 61Τ66.
588 3915 606 3956 I.
622 3913 701 3966 1181.

160 3986 191 4029 V.
206 3984 253 4030 321.
269 3987 295 4030 Si
310 3996 371 4029 voce
389 3986 485 4039 crypta
498 3986 605 4037 utimur,
621 3985 731 4029 Senecae
749 3984 893 4038 exemplum
907 3984 1011 4037 sequuti
1025 3994 1123 4035 sumus,
1144 3985 1188 4037 qui
1203 3985 1248 4039 Ep.
1263 3983 1297 4036 57,
1318 3984 1335 4026 1.
1351 3983 1416 4037 VIII,

93 4056 231 4112 cryptam
245 4057 378 4110 nuncupat
392 4055 510 4110 pervium
523 4065 628 4109 specum
638 4054 782 4108 antiquitus
796 4053 915 4096 effossum
929 4054 1072 4096 submonte
1086 4052 1232 4108 Pausilypo,
1247 4053 1314 4097 haud
1329 4052 1419 4106 procul

97 4127 222 4180 Neapoli,
238 4135 371 4181 perquem
385 4117 503 4169 Puteolos
517 4125 561 4169 via
575 4127 750 4180 compendiosa
764 4125 824 4166 itur.

161 4196 191 4239 V.
206 4196 253 4240 322
274 4195 392 4250 Alpinam
411 4198 533 4251 cryptam
546 4207 576 4238 ex
595 4195 670 4239 116116
684 4192 847 4249 ingredienti,
867 4194 956 4237 dextra
970 4194 1059 4248 patent
1078 4194 1167 4236 cautes
1182 4197 1208 4236 et
1228 4204 1289 4237 66116
1308 4192 1416 4248 Alpibus

98 4268 235 4320 extracta,
249 4277 314 4320 quae
328 4267 402 4310 velut
417 4269 443 4311 in
458 4269 570 4311 montem
583 4275 741 4309 succrevere.
