3236 5306
744 444 938 510 *95*

330 675 508 772 Obstupet
533 673 620 746 haec
646 680 756 757 aetas,
783 670 929 745 libertus
955 680 1057 768 parta
1082 670 1269 768 relinquet.
1313 759 1316 762 Ι

329 845 414 917 Nun
439 843 492 916 ita
516 850 552 916 te
576 849 721 914 cautum
748 839 850 914 iubeo
876 838 1122 938 timidumque,
1148 847 1333 936 rogantem

328 1015 489 1087 Alteram
517 1013 634 1108 (utin
660 1012 752 1087 votis
777 1015 844 1107 est)
871 1013 997 1110 legem,
1025 1020 1068 1084 ut
1092 1010 1224 1109 quiqne
1249 1011 1306 1082 vel
1331 1008 1436 1082 urbes

328 1182 397 1255 Vel
423 1131 610 1281 praerupta
636 1183 753 1270 colant
779 1181 953 1281 scopulosi
980 1181 1137 1255 culmina
1163 1179 1306 1267 montis,

328 1350 448 1424 Prima
473 1351 542 1424 etsi
568 1350 676 1423 inviti
700 1349 842 1424 discant
867 1352 1051 1425 elementa.
1081 1350 1253 1442 Timebat,

328 1516 547 1616 Ignoscenda
573 1516 726 1616 quidem,
754 1527 911 1594 veterum
939 1520 1039 1594 vafra
1065 1520 1169 1595 turba
1195 1520 1361 1607 virorum,

330 1692 386 1764 Ne
412 1691 450 1763 in
477 1713 555 1764 sese
581 1689 658 1787 ipsa
684 1715 814 1789 rogans
839 1692 956 1790 legem
983 1691 1137 1766 sanciret
1162 1692 1335 1792 iniquam.

330 1860 423 1936 Hinc
447 1885 489 1936 ea
514 1860 708 1961 displicuit,
735 1861 864 1962 lexque
889 1861 1078 1962 antiquata
1103 1864 1258 1938 recessit.

330 2033 383 2106 De
407 2042 442 2107 te
468 2059 565 2108 nunc
591 2031 766 2132 sociisque
790 2033 865 2106 tuis
891 2032 943 2106 nil
968 2034 1041 2107 1111
1066 2033 1268 2108 verendum.

331 2207 427 2304 Ergo
451 2205 563 2304 primo
588 2228 725 2304 quoque
751 2203 808 2276 die
834 2204 1040 2278 tutissimus
1066 2203 1157 2278 aude

331 2377 386 2448 Tu
411 2375 520 2474 prior:
548 2373 710 2449 iniussus
736 2383 855 2448 coetus
881 2373 947 2447 tibi
974 2373 1132 2447 succinet
1157 2374 1284 2448 omnis.

330 2546 464 2618 Verum
489 2569 534 2618 ne
558 2541 711 2617 nimium
736 2543 803 2618 tibi
829 2542 907 2630 fide,
933 2553 976 2617 ut
1001 2553 1129 2618 cuncta
1156 2544 1303 2619 licenter

333 2717 549 2790 Pertractare
574 2724 688 2813 putus.
714 2716 807 2789 Sunt
832 2737 924 2812 quae
949 2712 1153 2788 melioribus
1180 2715 1289 2788 armis

326 2887 473 2960 Prorsus
490 2893 607 2984 egent,
626 2909 690 2960 nec
707 2909 820 2984 pauca
838 2884 992 2983 quidem,
1011 2893 1047 2958 et
1063 2885 1174 2984 longa
1191 2893 1268 2959 arte
1286 2886 1472 2985 magistra.

332 3055 420 3139 Quis
446 3063 482 3128 te
506 3054 674 3129 militiam
699 3054 846 3129 docuit?
869 3078 962 3155 quae
989 3053 1101 3129 forma
1127 3055 1298 3153 parandis

330 3223 500 3321 Navigiis
525 3225 657 3312 melior,
682 3249 775 3325 quae
801 3227 876 3300 sint
900 3224 1101 3299 mutanda?
1125 3228 1285 3300 Putasne

331 3391 424 3465 Scire
449 3391 563 3491 probe,
589 3393 651 3491 qui
677 3418 803 3466 cursus
829 3417 944 3490 aquae
970 3393 1019 3466 sit
1045 3371 1211 3480 Tibririis,
1238 3403 1303 3467 aut
1327 3418 1399 3492 qua

330 3565 416 3634 Arte
441 3560 649 3635 coercendus
675 3585 720 3636 ne
740 3537 924 3636 ¹horrescat
940 3561 1079 3636 Roma?
1103 3563 1286 3660 Loquatnr

330 3732 424 3805 Haec
451 3732 529 3805 sine
554 3733 616 3831 qui
642 3733 771 3832 lingua
796 3734 900 3807 iuxta
926 3734 1151 3808 venerandus
1176 3744 1213 3808 et
1237 3735 1348 3809 armis

327 3873 458 3988 1111111,
485 3909 527 3974 ut
552 3903 675 3976 stellas
701 3902 793 3976 inter
819 3928 914 3976 mars
940 3903 1015 4003 ipse
1040 3904 1203 3979 minores.

261 4155 268 4173 ι
328 4070 492 4146 Fortibus
518 4071 577 4146 hic
604 4073 704 4147 ausis
729 4073 874 4171 gemino
901 4073 972 4149 iarn
998 4075 1164 4173 cognitus
1189 4074 1299 4161 01·bi‚‘

328 4245 433 4318 Nune
458 4246 601 4342 gravior
627 4243 735 4331 senio,
761 4246 868 4343 longe
894 4254 999 4343 grata
1026 4246 1098 4320 otia
1124 4245 1233 4320 ducit.
