3236 5306
803 445 1023 518 -126-

406 683 545 766 Hostes,
572 686 608 751 et
632 675 780 776 trepida,
806 685 848 749 ut
875 674 1005 760 sonuit,
1032 674 1083 747 sic
1108 671 1211 747 corda
1238 680 1398 745 serenat.

406 849 543 948 Quippe
567 847 642 921 tuis
668 849 778 920 Heros
805 845 927 946 adytis
954 845 1037 944 ipse·
1054 843 1199 930 insidet,
1225 843 1309 918 olim

409 1018 456 1092 Hi
482 1019 586 1093 cuius
613 1016 693 1090 fuso
720 1014 896 1090 sudarunt
922 1014 1101 1112 sanguine
1127 1013 1252 1103 colles;

407 1189 526 1273 Quum
552 1185 699 1284 primae,
725 1184 796 1258 heu
822 1185 947 1282 pietas,
975 1207 1164 1282 sacraeque
1190 1181 1382 1280 nepotibus
1411 1183 1518 1254 ultor

408 1357 543 1455 Culpae
569 1356 750 1454 reliquias,
777 1356 897 1428 anima
923 1349 1097 1453 fugiente,
1124 1354 1248 1452 piavit.

404 1531 478 1601 Imo
503 1526 595 1599 vivit
622 1524 749 1611 adhuc,
776 1525 950 1623 cuiusque
975 1525 1014 1596 in
1041 1525 1188 1598 numine
1213 1527 1324 1598 Roma
1350 1534 1427 1610 est,

407 1700 456 1770 Te
482 1696 587 1782 fovet,
614 1705 649 1770 et
676 1695 786 1770 solido
813 1706 849 1770 te
875 1696 1035 1793 Sanguis
1059 1696 1178 1770 mbore
1204 1696 1332 1770 firmat.

411 1865 468 1938 Sic
493 1875 513 1938 ὀ
539 1864 590 1938 sic
616 1865 732 1938 virtus
758 1887 828 1937 neu
854 1889 950 1936 nunc
976 1873 1040 1937 tua
1066 1862 1193 1938 debeat
1217 1863 1327 1982 armis

345 2003 363 2028 ⁴
410 2034 638 2109 Ludibrium!
666 2035 769 2110 Eheu
794 2044 930 2134 quanta
956 2043 1058 2131 parat
1083 2034 1150 2107 tibi
1175 2032 1320 2106 funera!
1350 2043 1537 2131 quantam

408 2204 603 2278 Coniurata
627 2229 757 2296 manus
783 2203 917 2277 cladem
943 2205 1120 2302 altarique
1143 2204 1339 2302 thronoque

410 2377 516 2449 Justa
541 2320 705 2450 molitur!
733 2384 882 2472 turgent
906 2374 1000 2449 bella
1026 2372 1184 2472 undique
1208 2374 1312 2448 bella.

411 2544 504 2617 Hinc
528 2545 669 2643 periura
694 2543 762 2618 tibi
787 2542 1019 2640 Allobrogum
1044 2567 1136 2641 gens
1162 2543 1314 2616 excubat
1340 2544 1473 2630 armis,

299 2721 302 2729 '
411 2716 491 2786 Heu
516 2713 669 2786 nimium
694 2713 814 2810 longis
839 2711 997 2787 nondum
1024 2713 1157 2786 satiata
1181 2712 1317 2811 rapinis

413 2882 625 2980 Sacrilegis!
653 2882 756 2956 Illinc
782 2886 921 2978 (coeunt
946 2907 1030 2956 nam
1057 2882 1096 2955 in
1121 2881 1259 2970 foedere
1283 2881 1450 2970 dextrae,

411 3041 497 3136 Quo·
512 3050 651 3137 melius,
683 3053 814 3125 Romam
839 3049 924 3125 fecit
949 3076 1041 3149 quae
1066 3052 1131 3125 uni
1156 3052 1229 3126 otia
1255 3055 1397 3138 Petrus,

416 3219 641 3317 Compositus
668 3228 783 3293 vertat
808 3228 948 3305 temere,
976 3218 1007 3293 si
1032 3219 1131 3306 forte,
1157 3222 1361 3316 tumultus)

419 3391 632 3464 Finitimum
659 3391 844 3463 inteutans
869 3414 1019 3488 pugnax
1046 3389 1117 3462 iam
1144 3391 1264 3463 Gallia
1289 3391 1464 3466 Rhenum

417 3564 528 3632 Arma
555 3568 688 3632 movet:
716 3557 834 3632 valido
858 3561 1075 3656 glomeratur
1100 3569 1213 3634 marte
1239 3561 1432 3652 sicamber,

417 3729 465 3800 Et
489 3735 589 3825 parto
614 3728 754 3827 populis
780 3728 898 3801 inhiat
923 3727 1006 3801 dare
1032 3729 1110 3803 iura
1137 3731 1325 3830 triumpho.
1435 3781 1437 3786 ·

419 3901 570 3970 Arctous
596 3896 711 3971 denuo
737 3897 926 3970 minitatur
951 3900 1114 3971 Sarmata
1140 3901 1301 3973 Pontum.

418 4065 518 4137 Bella
544 4073 728 4163 premunt:
756 4065 899 4139 horrent
925 4070 1077 4164 (tempus
1103 4093 1256 4166 namque
1282 4070 1440 4171 ingruit)
1468 4101 1577 4162 arma,

421 4235 468 4305 Et
494 4235 649 4309 loricatis
674 4235 812 4308 fervent
838 4235 927 4308 freta
953 4260 1054 4309 versa
1079 4237 1239 4312 caminis.
