3236 5306
623 457 818 527 „71-

159 753 162 760 t
216 687 410 774 Accedunt,
436 712 478 759 ac
504 687 572 758 rite
596 685 681 758 data
707 694 918 783 acceptaque
942 686 1057 759 salute

218 858 386 932 Sistimus
412 855 562 930 adversi.
589 856 644 927 Ne
669 878 725 927 me
750 853 972 952 reprehende,
999 854 1156 939 silebam,

214 1029 294 1101 Non
322 1035 364 1100 ut
388 1024 587 1099 inurbanus
616 1023 772 1121 (penitus
799 1047 855 1097 me
880 1024 988 1120 noris)
1015 1021 1179 1113 haberer;
1342 1049 1378 1103 35

218 1197 285 1270 Sed
308 1222 420 1295 quum
446 1195 529 1271 bilis
555 1192 672 1267 adhuc
697 1191 792 1264 iecur
816 1202 942 1280 ureret,
968 1193 1046 1280 hac,
1074 1201 1169 1290 puto,
1194 1199 1321 1276 mente,

216 1370 357 1442 Pectore
382 1389 427 1439 ne
455 1363 561 1438 fando
585 1370 715 1436 temere
742 1373 973 1440 succresceret
1001 1361 1081 1437 imo.

219 1538 349 1634 Oego,
375 1534 438 1632 qui
465 1535 561 1622 silui,
587 1536 732 1610 laevus!
762 1558 948 1634 superasse
972 1530 1203 1632 Charybdim,

214 1707 282 1792 Qui
309 1709 425 1807 potuit
450 1710 605 1810 Scyllam
631 1711 755 1798 vitare,
782 1709 964 1808 superbiat
988 1732 1094 1779 unus.

216 1879 356 1952 Scilicet
382 1888 423 1953 ut
447 1881 600 1978 primurn
626 1881 742 1954 senior
767 1904 845 1955 mea
869 1878 968 1952 Brito
993 1877 1132 1962 diurna,
1341 1897 1377 1950 40
1425 1944 1429 1954 Α

212 2048 308 2132 Quae
332 2049 423 2146 lego,
450 2048 651 2148 posthabito
678 2048 850 2147 adloquio,
876 2071 981 2146 prope
1004 2054 1103 2120 totus
1128 2045 1167 2117 in
1193 2043 1277 2128 illis,

214 2217 386 2316 Adspicit,
412 2219 546 2293 urbane
569 2219 662 2317 quod
688 2219 736 2292 sit
762 2219 862 2304 satis,
888 2225 1053 2314 occupat:
1083 2213 1236 2298 «Istinc,

213 2388 342 2485 lnquit,
368 2387 455 2486 quid
481 2389 563 2463 novi
588 2388 727 2463 habes‘.2
752 2389 863 2475 sedes,
890 2386 1086 2461 edissere».
1115 2383 1211 2457 «Nil
1239 2391 1294 2455 est

216 2555 332 2642 Tanti,
359 2555 523 2654 inquam:
550 2579 691 2653 quaese,
716 2555 929 2629 Britonel».
957 2556 1045 2627 «Ita
1059 2578 1078 2624 »
1098 2550 1259 2649 protinus
1285 2513 1355 2620 ille.

213 2725 316 2798 «Hoc
341 2715 435 2823 ergo,
461 2723 646 2823 digitoque
672 2733 763 2812 noto,
789 2733 825 2798 te
850 2723 939 2798 forte
965 2721 1094 2796 morari
1338 2743 1376 2798 45

210 2896 313 2968 Posse
339 2919 431 2969 reor:
458 2896 601 2994 legesis,
628 2895 774 2993 scriptor
799 2920 955 2993 quanam
982 2901 1066 2978 arte,
1092 2891 1293 2964 Britannus

211 3065 329 3138 Natus
354 3064 501 3162 etipse,
527 3089 657 3139 novum
672 3063 897 3178 'indignatus
922 3061 1052 3160 dogma
1077 3059 1226 3145 refellat,

214 3233 325 3307 Simia
350 3259 420 3332 quo
445 3242 585 3308 nostrae
611 3234 740 3307 veteris
767 3231 957 3331 primordia
984 3231 1116 3305 formae

214 3402 440 3476 Asseritur».
465 3405 661 3502 Nunquam
687 3402 880 3478 dixissem!
908 3410 967 3474 ast
992 3401 1071 3474 alea
1096 3399 1191 3472 iacta
1215 3406 1279 3471 est.

212 3572 305 3645 Nam
330 3572 476 3646 insanos
502 3573 595 3646 inter
620 3574 652 3646 si
680 3581 778 3646 amat
803 3573 879 3670 ipse
905 3572 1056 3646 insanus
1081 3569 1214 3655 haberi,
1343 3591 1378 3648 50

214 3745 293 3818 Non
318 3769 375 3819 me
400 3746 536 3818 stultns
561 3744 641 3843 agit
666 3744 771 3830 furor,
799 3751 864 3816 aut
888 3742 1034 3816 inscitia
1059 3741 1132 3814 veri

215 3914 263 3986 Ut
288 3913 410 3988 videar
435 3913 552 3990 morbo
577 3912 704 3986 misere
728 3920 906 4008 correptus
931 3908 1061 3984 eodem.

216 4084 277 4156 «Ο
301 4083 400 4170 bone,
427 4093 463 4157 te
488 4082 599 4169 video,
625 4105 670 4154 ne
695 4090 731 4154 te
756 4080 935 4166 frustrere,
962 4079 1154 4155 dolentem:

218 4253 329 4350 Atqui
354 4262 459 4351 grata
485 4253 582 4352 loqui
608 4252 708 4326 rebar
732 4250 799 4325 tibi
825 4249 988 4324 maxime.
1015 4250 1065 4323 At
1090 4248 1164 4345 ipse
