3236 5306
604 456 825 526 -119-

205 685 352 760 Limina
377 685 450 783 qui,
477 683 589 757 veluti
615 707 740 781 regum
766 683 990 757 iustissimus
1016 709 1138 783 usquc,

202 857 338 931 Nostra
363 854 608 954 petisl-Tun.
626 856 739 928 Mores
757 853 940 928 hominum
966 853 1054 928 bene
1071 855 1166 929 noris
1184 864 1219 928 et
1237 864 1349 929 ortes:

201 1023 398 1099 Cessantes
425 1021 634 1122 quandoque
658 1045 787 1120 greges
812 1022 936 1096 trahit,
952 1048 1047 1097 unus
1073 1032 1109 1097 et-
1135 1024 1234 1097 alter.

201 1195 302 1292 Ergo
328 1200 459 1267 secreto
482 1215 574 1290 quac
599 1192 638 1264 in
663 1215 719 1265 me
744 1192 793 1266 sit
818 1191 945 1290 cuique
969 1193 1135 1268 voluntas

161 1431 182 1474 0
200 1363 403 1462 Collegisse
427 1361 534 1435 decet.
560 1361 678 1436 Plebis
704 1370 855 1464 mentem
882 1363 947 1439 hoc
971 1387 1038 1461 ego
1063 1373 1166 1463 pacto

200 1531 398 1623 Perdidici3
428 1530 526 1604 haud
551 1531 646 1605 vitae
671 1555 813 1604 cursum
844 1555 945 1606 secus
973 1532 1049 1631 ipse
1073 1533 1204 1633 peregi.

201 1700 360 1776 Consule
384 1709 425 1774 tu
450 1701 596 1804 plebem,
623 1699 736 1797 plebis
762 1700 852 1774 milri
879 1726 978 1775 sacra
1005 1703 1182 1776 voluntas.

198 1871 272 1943 Res
297 1869 459 1968 equidem
486 1869 616 1968 periere
642 1892 763 1943 mene:
788 1869 878 1942 mihi
903 1879 1085 1968 permanet
1109 1896 1183 1944 una
1282 1959 1287 1974 N

200 2037 507 2136 Rclligio.-Unn.
533 2038 660 2112 Ridere
676 2038 924 2113 iuvet-Tun.
954 1999 1145 2138 Suffragia,
1172 2042 1284 2125 Pluto,

200 2206 329 2282 Libera
353 2208 505 2305 quisquc
529 2207 740 2282 ferat-Pr.
768 2209 864 2284 Satis
890 2209 956 2283 ohe
980 2209 1062 2302 iam;
1090 2210 1263 2283 hactenus
1288 2210 1363 2308 ipse

198 2375 295 2462 Quid
319 2375 479 2464 facerem,
505 2377 602 2451 haud
628 2377 680 2452 ite
707 2377 886 2476 perdidici.
912 2380 986 2452 Lex
1012 2378 1123 2452 fertur
1148 2378 1196 2452 ab
1220 2403 1290 2452 uno

198 2549 276 2624 Nos
301 2571 426 2648 penes:
454 2548 622 2647 antiquas
647 2572 733 2648 ergo
757 2549 963 2625 obliviscere
988 2548 1107 2622 tricas

198 2717 340 2805 vincla,
367 2717 519 2805 claron,
545 2717 678 2826 resena
703 2718 850 2806 homini,
876 2717 1062 2817 mediaque
1086 2680 1215 2815 perure

199 2888 306 2973 Pone,
332 2885 394 2961 ubi
420 2886 618 2985 praeruptis
643 2887 795 2985 seopulis
821 2895 920 2986 petet
945 2886 1064 2960 insula
1090 2894 1180 2960 tutu.

199 3053 387 3154 Effugium
413 3055 444 3129 s'i
470 3055 558 3131 forte
583 3080 713 3130 novum
738 3055 1074 3131 meditetur...-On.
1101 3057 1151 3129 Ut
1167 3064 1261 3142 ente,

199 3227 312 3299 Fuste
337 3234 444 3325 caput
468 3249 630 3325 remoque
657 3227 786 3322 (virum
811 3227 883 3300 iem
909 3232 1025 3324 nosco)
1051 3225 1184 3302 dolato.

197 3397 257 3470 Mc
282 3394 407 3469 didicit
431 3396 622 3495 timuitque
646 3396 777 3484 furens,
803 3361 913 3496 quum
939 3397 1043 3496 virgo
1068 3395 1246 3472 cerebrum

195 3563 379 3650 Contudit,
406 3573 512 3664 atque
537 3591 646 3640 manu
671 3575 831 3666 arreptus
856 3568 910 3642 bis
935 3590 1075 3643 coerces
1098 3574 1258 3662 utraque.

198 3736 285 3807 Tun.
303 3736 361 3808 Me
378 3734 696 3809 miseruml-Unn
717 3737 772 3809 Ne
792 3760 903 3835 parce,
931 3737 1193 3812 Charon-Pr.
1217 3733 1358 3806 Disces-

1153 3850 1224 3942 (sit,
1251 3847 1355 3922 abite.
