3236 5306
639 411 836 480 -79-

227 643 327 727 Quae
352 662 390 713 se
416 639 625 714 seminecem
652 639 838 712 simulavit
862 639 1007 713 vulnere
1031 639 1179 738 lapsam.
1315 651 1321 660 '

227 811 324 882 Haec
348 807 461 906 gestit
485 806 661 906 quondam
686 806 814 880 mulier
838 807 988 884 formosa
1013 807 1142 885 videri:
1277 917 1280 925 .

226 977 299 1052 Olli
323 1002 383 1077 1110
406 978 512 1076 galea
537 977 664 1060 tennis·
684 977 856 1051 calvatica
881 977 984 1054 nodis

226 1147 410 1240 Nectitur3
437 1095 590 1221 assumit
615 1147 757 1246 pallam,
783 1147 999 1236 redimicula,
1025 1148 1176 1247 peplum,

225 1321 345 1417 Atque
369 1317 511 1406 incedit,
537 1318 687 1392 humum
713 1316 858 1390 sinuosa
884 1315 1028 1418 cyclade
1053 1341 1239 1392 verrens».

159 1545 168 1560 .
229 1489 325 1563 «Nil
350 1488 505 1587 insigne,
530 1511 670 1562 recens:
697 1487 762 1562 hoc
787 1486 859 1559 iam
885 1511 945 1586 per
969 1486 1121 1586 compita
1147 1495 1354 1574 monstrum,

225 1659 285 1732 Sic
309 1683 385 1758 ego,
411 1683 472 1758 per
495 1658 632 1758 plateas
659 1665 801 1756 stupeat
825 1657 1006 1756 plebecula
1032 1665 1219 1732 tantum».

226 1827 349 1914 «Quod
358 1837 481 1902 tamen
497 1835 696 1902 etmentcm
714 1835 926 1914 etnostram,
944 1825 1136 1912 meiudice,
1154 1824 1312 1910 formam,
1330 1847 1384 1904 210

222 1997 291 2071 Hic
316 1997 477 2097 seqnitur
502 1997 597 2092 (vino
622 1962 808 2096 ingenium
835 1996 986 2070 faciente
1010 1995 1195 2093 disertum)

221 2167 366 2243 Simiole
391 2168 567 2256 attribuit,
593 2193 704 2267 qnnm
730 2167 779 2241 sit
803 2176 876 2241 tam
902 2166 1014 2250 mirus
1039 2176 1187 2265 utroque

222 2336 293 2422 Qui
318 2337 465 2436 conlega
489 2336 606 2436 gradu
631 2346 709 2436 post
734 2360 798 2410 nos
824 2359 909 2410 sane
934 2335 1069 2410 assidet
1093 2360 1165 2410 nno
1176 2362 1208 2408 11.

224 2504 361 2579 «Mitte
384 2501 539 2604 gradus,¹
557 2513 634 2578 tum
660 2504 716 2578 aio
741 2505 891 2604 patiens,
917 2529 981 2578 1106
1007 2503 1112 2578 simia
1138 2503 1183 2578 ab
1208 2502 1315 2590 omni,

220 2675 277 2748 Ne
303 2675 407 2750 fallat
432 2677 574 2776 species,
601 2676 720 2751 animo
744 2675 919 2750 distamus
945 2685 981 2750 et
1005 2649 1072 2752 ore.
1328 2703 1382 2758 215

219 2848 271 2919 Te
294 2846 353 2920 cui
379 2855 471 2922 sorte
495 2846 601 2921 datur
627 2846 815 2921 sublimem
840 2844 1008 2934 incedere,
1036 2870 1172 2947 semper
1202 2841 1207 2850 ’

219 3015 331 3090 Simia
358 3042 445 3090 num
470 3017 604 3105 referet,
630 3041 777 3116 gressus
803 3015 980 3091 mentita?
1005 3019 1191 3106 locantem,

215 3183 355 3283 Aspice,
381 3184 549 3258 deficiunt
575 3186 685 3261 vires:
713 3187 786 3260 iarn
812 3205 949 3286 corpore
973 3155 1091 3285 1110110,

217 3354 268 3426 Ut
292 3352 502 3454 quadrupes,
527 3353 692 3452 graditur
717 3353 894 3429 vilissima
919 3356 1035 3431 bestia
1062 3367 1217 3457 reptans.

217 3520 334 3608 Nunc,
360 3520 425 3596 hoc
451 3521 482 3596 si
511 3547 638 3620 proavo
663 3523 775 3598 iactas
800 3533 836 3598 te
862 3523 1038 3624 inglorius
1063 3535 1190 3613 ortum,
1326 3555 1380 3610 220

218 3688 497 3804 Contemplator:
526 3683 622 3767 amor
647 3691 714 3767 tibi
742 3692 790 3767 sit
815 3693 1024 3793 perquirere,
1050 3695 1149 3794 quali

212 3858 282 3930 Est
306 3857 405 3946 facie,
433 3861 545 3950 calva,
572 3863 671 3961 quali
696 3863 792 3962 pede,
817 3863 918 3964 pelle,
946 3888 1139 3964 manuque
1281 3857 1285 3864 ’

211 4027 272 4101 Ah
297 4009 373 4128 egb,
399 4030 452 4103 nil
476 4033 640 4130 quamvis
665 4033 766 4134 cupio
792 4034 964 4111 formosus
989 4035 1121 4122 haberi,

213 4199 283 4289 (Tu
307 4205 370 4272 tua
395 4199 591 4299 provideas)
617 4226 881 4301 nonunquam,
907 4214 949 4278 nt
975 4205 1100 4292 simia,
1115 4205 1229 4280 fronte
1315 4226 1322 4234 ·
