3236 5306
459 1119 641 1213 110110
675 1118 759 1211 ur
792 1119 966 1213 sium
1053 1113 1056 1121 ’
1113 1080 1116 1085 ’
1195 1047 1196 1052 i

592 1475 835 1521 ARGUMENTUM

63 1726 80 1777 l.
98 1727 246 1798 Neapolim
259 1729 435 1798 profecturus
456 1731 537 1800 poeta
550 1727 706 1782 Stationem
719 1728 819 1780 ferrati
834 1726 959 1780 tramitis
972 1727 1042 1792 adit,
1057 1729 1104 1781 sed
1123 1746 1194 1790 sero.
1204 1759 1237 1772 -
1246 1732 1276 1784 ΙΙ.
1291 1732 1367 1784 Inter

96 1799 264 1852 morandum
282 1798 336 1851 duo
355 1799 487 1852 Britanni
506 1798 655 1862 accedunt,
674 1797 849 1852 Darwiniani
869 1798 1019 1851 commenti
1033 1798 1202 1865 defensores,
1222 1804 1251 1854 et
1270 1801 1368 1872 dispu-

95 1869 165 1921 tatio
184 1869 454 1922 iustituitur.·-lll.
475 1868 598 1931 Simiam,
617 1873 649 1921 ut
663 1885 739 1922 nunc
759 1871 812 1932 est,
831 1868 945 1922 omnino
964 1870 998 1922 ab
1012 1869 1125 1924 homine
1144 1871 1306 1941 discrepare
1319 1889 1367 1925 as-

96 1940 216 1993 serimus
231 1943 261 1993 et
273 1941 430 2011 probamus.
440 1961 473 1982 ⁴-
482 1941 526 1993 lV.
547 1939 768 1992 Difficultatibus
782 1940 910 1992 occurrit
923 1939 1026 2003 senior,
1039 1942 1099 1994 iore
1111 1958 1237 2012 sperans,
1250 1945 1368 1996 auctore

96 2009 216 2080 Huxley,
237 2013 270 2062 ut
289 2011 395 2064 certius
415 2010 523 2080 aliquid
541 2006 697 2064 effodienda
717 2010 804 2064 tellus
824 2011 934 2074 afferat,
955 2009 1031 2063 sicut
1049 2026 1140 2081 nuper
1159 2011 1276 2066 Calvam
1294 2013 1367 2084 apud

97 2080 252 2134 Germanos
263 2083 481 2152 repertam-V.
501 2081 532 2134 In
550 2081 622 2134 hanc
634 2081 726 2152 lepide
743 2081 973 2136 iocamur.-Vl.
992 2081 1060 2136 ltem
1073 2081 1161 2136 altius
1180 2086 1310 2154 repetens
1324 2101 1369 2138 se·
1410 2143 1412 2146 ,

97 2150 161 2203 nior
178 2152 339 2206 doctrinam
359 2152 482 2222 exponit,
502 2155 620 2205 auctore
638 2149 753 2216 Hackel,
778 2152 812 2205 de
831 2152 921 2222 prima
940 2151 1080 2205 communi
1105 2153 1249 2207 hominum
1267 2171 1300 2208 ac
1320 2156 1370 2208 be-

98 2221 219 2275 stiarum
240 2223 447 2293 specie-Vll.
470 2223 600 2278 Absurde
620 2222 689 2278 haec
708 2225 863 2276 commenta
883 2223 950 2276 ludo
968 2225 1251 2279 vertuntur-VIII.
1271 2221 1371 2279 Senior

98 2307 208 2346 mecum
227 2294 309 2347 aedes
327 2293 483 2361 ingressus,
502 2293 656 2347 ientaculis
671 2293 813 2347 sumendis
831 2293 1003 2361 assignatas,
1022 2293 1154 2348 evincere
1167 2297 1268 2360 certat,
1287 2312 1371 2365 quarn

99 2361 201 2417 similis
221 2364 261 2417 sit
280 2364 362 2417 nobis
381 2363 468 2419 Simia
481 2366 542 2416 tum
560 2366 753 2434 corporatum
770 2365 970 2418 mente-IX.
990 2363 1114 2416 Primum
1127 2367 1272 2419 refutatur
1290 2366 1371 2418 simi-

99 2430 190 2487 litudo
203 2435 339 2506 corporis.
349 2436 425 2488 -X.
445 2435 559 2488 Fabella
572 2435 707 2504 quaedam
721 2435 755 2487 ad
768 2451 829 2487 rem
842 2433 1019 2502 adiungitur.
1029 2436 1117 2488 -Xl
1132 2436 1267 2500 Quaestio
1280 2437 1372 2490 altera

100 2503 248 2558 dirimitur
266 2507 300 2559 de
318 2505 348 2558 vi
366 2505 455 2559 animi
473 2508 502 2558 et
520 2505 644 2558 moribus
664 2505 766 2559 Simiae
785 2505 1052 2559 attributis-XII.
1072 2505 1214 2560 Profectio
1234 2507 1372 2560 describi-

99 2576 278 2630 tur-XIII.
296 2575 407 2631 Manita
424 2577 561 2646 quaedam
579 2576 670 2628 amico
688 2577 802 2640 dantur,
822 2577 856 2629 ad
875 2592 957 2646 quem
976 2575 1100 2630 Satiram
1117 2577 1253 2630 misimus.

125 2773 151 2850 l.
204 2782 249 2852 In
273 2782 427 2879 patriam
454 2781 614 2854 facturus
640 2781 707 2853 iter
734 2778 991 2878 septembribus
1019 2781 1125 2866 horis

208 2952 412 3051 Hippolyte,
439 2950 587 3024 ascendo
611 2971 763 3036 currum,
791 2899 983 3048 notumque
1010 2950 1129 3023 subire

207 3122 437 3195 Vestibulum
463 3083 601 3206 festino,
630 3119 725 3192 datis
751 3120 812 3193 ubi
838 3128 972 3193 tessera
998 3122 1154 3203 nummis

212 3290 392 3387 Erigitur.
419 3287 601 3362 Claudunt
627 3297 802 3386 carpenta,
829 3290 988 3386 petorita,
1016 3290 1175 3387 plaustra

212 3459 438 3534 Circumfusa
464 3460 561 3531 vias:
592 3459 741 3530 «Flecte
766 3457 860 3544 hinc,
887 3458 955 3530 cito
981 3458 1133 3543 verbera,
1161 3480 1300 3555 quaese,
1359 3453 1376 3504 5

212 3628 368 3700 Vocibus
394 3625 482 3698 adde
507 3626 646 3723 auriga,
674 3626 762 3711 vola,
790 3625 955 3722 compelle
980 3623 1072 3722 quod
1098 3625 1247 3698 obstat»

214 3782 296 3851 Heu
320 3777 453 3851 frustra
479 3778 639 3850 inclamo.
667 3781 812 3874 Iamque
838 3777 929 3849 atria
954 3777 1062 3873 longa
1088 3777 1261 3861 tenebam,

214 3953 333 4034 Quum
361 3947 487 4032 subite,
515 3948 630 4020 valvis
657 3947 853 4044 patefactis,
881 3946 1020 4018 eminus
1046 3946 1154 4019 hausi

212 4117 374 4191 Auribus
400 4117 583 4214 ingentem
611 4116 807 4213 strepitum,
834 4138 939 4211 quem
965 4113 1077 4187 reddit
1104 4115 1219 4186 ahena

213 4285 394 4370 Machina,
425 4289 605 4380 conceptos
632 4283 776 4356 fremitu
802 4280 991 4379 indignata
1019 4306 1172 4378 vapores.
1347 4308 1379 4360 10
