3236 5306
789 475 1011 546 -130-

397 707 466 792 Qui
492 705 661 804 strepitus
687 704 895 778 hincinde!
924 703 1011 776 Ruit
1036 703 1108 776 iam
1134 702 1267 776 dissita
1287 702 1423 801 plebes,

307 875 310 880 ’
393 879 508 962 Quam
534 875 645 949 vomit
670 874 814 948 assidue
841 875 994 949 clamosa
1018 873 1197 971 Neapolis.
1224 875 1355 947 Omnes

393 1045 566 1122 Obsedere
591 1045 688 1118 vias:
715 1070 797 1143 pars
824 1053 859 1118 et
885 1042 1091 1118 contendere
1115 1042 1212 1116 ludis

393 1214 633 1314 Aggreditur:
661 1215 836 1312 complent
862 1214 954 1286 aliae
981 1181 1107 1287 nenius
1132 1236 1234 1286 omne
1259 1221 1437 1285 catervae.

391 1389 466 1458 Iam
491 1385 592 1461 ludos
618 1385 771 1462 cecinere
797 1384 922 1459 tubae:
950 1408 1034 1482 ergo
1058 1384 1220 1483 protinus
1246 1407 1369 1458 omnes
1481 1404 1484 1412 '

391 1561 602 1656 Persequere
628 1555 810 1629 hue·illuc
836 1557 997 1628 lustrans
1023 1578 1067 1628 ex
1092 1543 1212 1628 ordine
1237 1561 1368 1627 coetus.

393 1729 494 1800 Fune
521 1749 624 1824 super
650 1725 753 1799 tereti
779 1748 816 1798 se
842 1724 950 1798 librat
976 1725 1035 1797 hic
1061 1749 1140 1798 acer
1165 1725 1204 1796 in
1229 1723 1328 1797 orbes

392 1895 549 1970 Membra
574 1918 737 1969 movens:
765 1892 898 1966 iunctis
923 1890 1072 1991 pedibus
1098 1916 1178 1966 mex
1205 1890 1384 1990 pendulus
1413 1894 1514 1968 infra

389 2066 555 2140 Volvitur
579 2065 618 2136 in
643 2072 759 2162 caput,
786 2072 893 2162 atque
919 2064 1059 2151 iterum,
1087 2061 1173 2160 pede
1198 2063 1320 2136 firmus
1349 2064 1393 2136 in
1422 2092 1512 2155 uno,

390 2232 546 2306 Turbine
571 2258 696 2331 cerpus
721 2232 811 2329 agit,
837 2232 1044 2328 geminatvc
1069 2255 1131 2330 per
1155 2256 1236 2305 aera
1260 2233 1391 2306 saltus.

390 2405 481 2476 Tum
508 2402 656 2476 simulat
681 2415 825 2474 casum:
851 2399 986 2508 trepide
1010 2401 1159 2475 clamore
1184 2400 1345 2475 faventes

353 2579 355 2586 ’
388 2572 577 2670 Praecipiti
606 2570 789 2646 admovere
815 2596 952 2646 manus.
980 2572 1223 2646 Metuentibus
1248 2571 1308 2644 ille

390 2741 565 2828 Subridet‚
592 2740 806 2839 choreasque
831 2741 929 2814 ciens
955 2739 1141 2815 andentior
1166 2742 1289 2815 instat.

349 2900 353 2907 ’
387 2911 505 2986 Haud'
518 2912 637 3011 procul
664 2911 809 3022 interea,
837 2909 996 2984 viridans
1022 2910 1084 2984 ubi
1111 2912 1215 3011 sylva
1240 2910 1383 2998 recedit,

389 3083 582 3158 Sarmatice
607 3038 768 3155 trabibus
796 3081 939 3155 sinuoso
965 3081 1003 3153 in
1028 3081 1142 3154 limite
1166 3081 1259 3168 fixis

389 3253 527 3327 Acclivi
552 3252 644 3325 facie
669 3252 761 3326 coele
786 3250 949 3325 tabulata
976 3251 1161 3324 minantur

390 3427 509 3498 Instar
532 3422 673 3496 mentis.
702 3425 810 3494 Amat
835 3419 960 3494 dudum
986 3420 1048 3517 qui
1075 3420 1211 3494 viribus
1236 3421 1367 3509 audax,

387 3596 506 3689 Atque
531 3590 603 3664 fore
628 3589 818 3688 plaudente
843 3588 951 3663 subit.
977 3590 1095 3673 Quum
1121 3614 1251 3664 cernua
1276 3591 1436 3688 primum

388 3758 502 3858 Signa
527 3757 651 3832 dedere
677 3757 761 3840 viro,
789 3782 926 3831 summe
951 3757 994 3831 de
1019 3759 1150 3832 vertice
1175 3785 1298 3833 currus

389 3927 516 4000 Irruit:
544 3926 727 4000 adstantes
753 3926 884 4000 circum
910 3927 1120 4004 clamoribus
1147 3939 1287 4027 urgent,

389 4117 483 4187 Dum
509 4138 547 4187 se
572 4114 729 4188 curvatis
756 4113 883 4211 spatiis
909 4135 973 4186 ceu
999 4113 1102 4188 turbo
1127 4116 1273 4189 volutat.

393 4284 457 4356 Ille
483 4283 599 4381 fugit:
627 4285 757 4382 plausu
784 4308 909 4357 nemus
935 4308 1036 4357 omne
1064 4294 1170 4384 atque
1197 4285 1355 4361 infremit
1383 4315 1458 4381 aer,
