3246 5314
794 503 842 511 -
868 461 913 527 3ίὶ
941 501 989 510 -

380 691 490 786 Inque
515 688 635 789 adytis
663 697 795 762 secreta
820 687 955 773 domus,
982 712 1089 786 quam
1115 695 1248 760 moesta
1273 687 1395 785 puella

377 860 493 932 Multa
517 884 660 933 movens
686 859 804 932 animo
830 882 933 957 saepe
957 857 1163 932 incomitata
1188 856 1339 955 petebat,
1500 883 1559 937 125

377 1031 497 1124 Atque
522 1026 598 1100 dies
624 1028 770 1102 immota
795 1052 935 1102 morans
964 1026 1184 1125 consumpsit
1208 1026 1351 1112 inertes,

378 1199 599 1297 Prospiciens
623 1198 740 1296 gratis
765 1198 947 1272 halantem
974 1197 1120 1271 floribus
1146 1196 1297 1270 hortum.

378 1370 580 1456 Infandum,
606 1395 677 1468 qua
706 1370 814 1443 vertis
842 1370 919 1455 iter,
946 1394 1052 1468 quam
1081 1367 1196 1440 multa
1220 1365 1398 1440 columnis

377 1542 495 1625 Tecta,
521 1538 662 1612 theatra
688 1538 787 1612 vides
813 1549 849 1612 et
875 1539 1006 1637 templa
1032 1537 1225 1634 adsurgere
1250 1544 1419 1626 centum3

371 1709 426 1779 'Et
452 1715 488 1780 te
512 1717 679 1795 monstra,
705 1707 812 1782 duces
837 1717 873 1781 et
898 1708 991 1781 caeci
1016 1707 1149 1807 praelia
1175 1706 1307 1780 fallunt
1359 1783 1364 1791 ,
1500 1733 1555 1788 130

376 1876 505 1949 Martis
531 1876 632 1950 humi
658 1877 764 1976 picta,
791 1886 827 1951 et
852 1886 969 1951 vestes
995 1877 1138 1992 collecta
1164 1875 1315 1949 fluentes

377 2047 547 2144 Agmina,
574 2047 735 2146 virgineo
761 2048 921 2122 choream
948 2046 1114 2120 ducentia
1128 2045 1222 2118 'ritu

381 2218 470 2289 Tam
494 2216 641 2314 pulchre
666 2216 787 2314 parvis
812 2215 943 2289 ludunt
969 2224 1108 2290 asarota
1134 2214 1280 2312 figuris!

381 2385 505 2458 Florea
530 2385 719 2460 maeandro
744 2394 903 2461 conserta
929 2386 1055 2468 aulaea
1079 2391 1263 2458 recurrunt

380 2556 591 2670 Parietibus
618 2556 753 2628 sistunt
778 2554 929 2654 spiranti
955 2577 1126 2628 marmore
1150 2552 1243 2627 Divi.

380 2729 513 2824 Oquo‚
541 2725 675 2823 Crispe,
701 2733 782 2798 tuos
808 2751 913 2798 casus
938 2724 1131 2798 meditatus
1158 2747 1272 2797 amore

378 2892 482 2966 Atria
508 2916 620 2979 cerno,
645 2892 765 2967 domos
790 2895 933 2992 patulas
960 2893 1129 2992 sedesque
1154 2893 1305 2976 relictas,

378 3062 509 3137 Antico
533 3063 693 3136 lustrans
720 3065 862 3170 Faunos
889 3064 927 3135 in
951 3072 1050 3162 poste
1075 3062 1267 3159 Choragos,

381 3236 500 3329 Atque
525 3231 625 3305 intus
651 3232 805 3307 furiosae
829 3233 941 3307 oculis
967 3232 1156 3305 simulacra
1181 3231 1318 3305 Dianae

379 3401 471 3502 Oum
495 3401 676 3500 nymphis,
703 3411 738 3474 et
763 3403 876 3474 multa
904 3402 978 3475 viro
1005 3409 1079 3473 tam
1104 3399 1216 3498 digna
1241 3408 1408 3485 merente,
1502 3430 1558 3484 140

381 3573 429 3642 Et
454 3569 587 3643 Cervae
612 3569 707 3642 dulci
734 3569 917 3643 viduatam
945 3569 1133 3668 aspergine
1159 3569 1338 3643 concham.

379 3743 484 3810 Anne
508 3761 640 3810 memor
665 3737 764 3810 sedes
792 3748 918 3836 repet0,
944 3747 1018 3825 tua,
1044 3741 1172 3824 Pansa,
1197 3747 1334 3836 reposta

380 3908 489 3982 Otia?
513 3933 621 4006 quam
646 3916 738 3981 recte
765 3933 860 3981 nunc
887 3907 989 3982 obvia
1016 3908 1141 3981 rudera
1168 3917 1304 4006 spectas

285 4227 315 4270 V.
331 4227 376 4270 140.
391 4227 504 4270 subaudi
513 4228 633 4292 ¹Acmona.

286 4299 315 4340 V.
332 4297 376 4340 143.
391 4298 484 4340 Domus
498 4299 601 4350 Pansae,
615 4298 655 4340 uti
669 4299 761 4340 rudera
774 4297 920 4351 ostendunt,
934 4308 948 4340 e
963 4298 1064 4353 regione
1078 4300 1133 4341 crat
1148 4298 1245 4353 Templi
1259 4297 1390 4342 Fortunae
1408 4307 1494 4348 sacri.
