3248 5290
615 408 839 478 -197-

264 639 358 711 Turn
384 645 521 736 pastor:
540 662 709 736 quorsum
727 638 814 712 haee
831 647 904 712 tam
924 639 1057 712 saeva?
1074 639 1235 714 Pericula
1252 641 1354 731 fiunt,

364 807 515 893 Quidam
541 808 604 894 ait,
631 834 678 880 an
703 807 832 884 cerebri
858 808 972 883 bestia
997 809 1107 884 vivat
1122 807 1233 910 inops,

260 976 356 1048 Mira
383 975 536 1076 quidem,
563 977 601 1050 ni
628 977 679 1051 ita
704 1001 760 1051 res
785 987 897 1052 esset:
924 1001 1007 1052 mox
1032 978 1112 1070 ille3
1138 990 1306 1068 carentes

364 1148 437 1226 Nos
463 1147 565 1234 inter,
591 1147 727 1222 cerebro
753 1147 980 1247 vivere'quot
1006 1147 1115 1224 video.

672 1381 772 1394 m

418 1581 686 1654 GENUENSIS
719 1583 779 1653 ΕΤ
807 1581 1036 1656 LUCENSIS

258 1810 404 1884 Discere
429 1811 600 1884 Lucensis
627 1811 772 1910 cupiens
798 1837 869 1909 qua
895 1821 1051 1910 parceret
1076 1823 1151 1887 arte

360 1981 536 2078 sumptui,
564 1978 640 2053 adit
665 1980 855 2078 Ligurem:
881 2004 952 2055 nox
977 1991 1053 2056 erat
1078 1983 1223 2058 interea.

258 2148 492 2246 Extinguens
519 2149 692 2248 lychnum
724 2149 838 2248 Ligur
863 2149 1000 2248 inquit:
1033 2150 1112 2224 luce
1137 2154 1295 2252 loquenti
1322 2164 1377 2229 est
1420 2167 1424 2172 ’

363 2321 425 2394 Nil
450 2344 548 2419 opus,
576 2319 641 2394 huc
666 2319 819 2417 primum
844 2329 880 2392 te
904 2319 1110 2394 meminisse
1134 2320 1240 2394 decet.

258 2490 421 2562 Plurima
446 2489 517 2562 iam
544 2488 681 2562 docuit:
709 2489 859 2563 missum
885 2488 1046 2563 facturus
1075 2491 1238 2579 amicum,

360 2659 556 2732 Flammam
582 2657 650 2731 rite
675 2657 807 2731 fricans
833 2657 966 2731 excitat
992 2658 1172 2757 exiguam.

259 2830 366 2918 Siste,
393 2854 518 2927 precor,
544 2827 716 2901 Lucensis
743 2827 805 2913 ait
834 2827 1042 2901 submittere
1066 2829 1209 2903 braccas
1249 2845 1253 2856 '

362 2999 530 3099 Apposui,
556 3023 679 3096 corpus
705 2997 790 3069 dum
816 2998 909 3095 tegit
935 2953 1070 3084 umbra,
1097 2999 1202 3072 lucro.

260 3175 355 3244 Sane
379 3193 517 3268 operam
545 3167 720 3266 insumpsi
746 3178 872 3253 tecum,
900 3191 919 3240 0
945 3192 1011 3265 ego
1036 3169 1170 3255 laevus,
1198 3169 1351 3254 inanem,

360 3343 450 3412 Tum
477 3339 589 3435 Ligur
615 3337 751 3435 inquit:
779 3361 857 3410 eras
884 3335 1015 3411 dectior
1040 3337 1125 3436 ipse,
1153 3339 1241 3410 vale.

670 3572 768 3582 —-—-

506 3773 697 3846 screnus
723 3771 783 3844 ar
809 3773 934 3862 runs

260 4015 313 4087 De
337 4009 446 4110 pueri,
472 4017 581 4107 pater,
609 4007 755 4105 ingenio
780 4007 846 4082 tibi
871 4006 1050 4103 gratulor:
1078 4027 1190 4076 unum

357 4183 430 4253 Hoc
455 4179 571 4265 timec,
598 4176 740 4250 iuvenis
767 4200 811 4250 ne
839 4175 905 4247 tibi
932 4175 995 4246 fiat
1021 4172 1137 4246 hebes.
