3246 5314
626 445 824 552 533*

216 681 263 750 Et
289 676 320 749 si
348 700 420 774 qua
448 672 590 746 arborea
617 672 707 745 faeie
733 695 771 744 se
796 670 891 745 tollit
917 670 955 743 in
982 696 1098 758 auras,

215 849 343 918 Suetas
371 843 563 918 herbaceae
588 842 718 916 formas
744 840 854 915 oblita
878 841 1040 939 pusillas.

217 1014 382 1088 Invenies
408 1014 500 1087 alias
526 1013 622 1088 foliis
650 1013 758 1086 simul
784 1036 844 1086 ora
870 1011 997 1084 referre
1103 1068 1109 1076 .

216 1185 333 1277 Vitis3
360 1183 433 1258 obit
458 1191 610 1257 reserato
635 1182 725 1256 alias
751 1181 790 1254 in
815 1180 898 1256 flore
924 1181 1102 1280 tricuspis.

217 1359 284 1428 Est
310 1363 346 1428 et
372 1378 462 1454 quae
490 1378 628 1460 sacrum
655 1375 781 1425 nomen
808 1351 973 1442 sortitur3
999 1376 1061 1426 eoa

217 1525 320 1600 India
347 1549 411 1598 nec
435 1547 564 1598 nomen
588 1523 726 1614 renuit;
755 1545 864 1620 quare
890 1522 1034 1596 Indicus
1060 1523 1163 1596 audit

216 1698 296 1792 Ipse
321 1694 450 1780 frutex,
476 1717 581 1792 quem
606 1701 700 1766 terra
726 1691 820 1791 parit
845 1691 1023 1789 Gangetis
1048 1671 1175 1791 opima.
1285 1777 1288 1784 „

216 1867 334 1938 Donat
358 1873 394 1937 et
420 1863 575 1951 occidua,
602 1863 795 1937 immensas
821 1860 882 1934 ubi
911 1862 1005 1939 iacta
1030 1887 1090 1961 per
1116 1862 1232 1936 undas

216 2033 401 2132 Aequoris
428 2034 467 2106 in
493 2033 648 2108 medium
674 2034 782 2106 tellus
808 2032 1064 2132 perstringitur
1090 2061 1223 2123 arcum,
1348 2065 1383 2122 75

217 2203 297 2276 Huc
323 2203 409 2276 illuc
434 2202 597 2290 discreta,
624 2202 709 2276 feris
736 2202 923 2275 notissima
949 2203 1088 2294 ventis3

217 2377 271 2446 Ac
295 2372 357 2446 ubi
383 2373 523 2446 telluris
549 2381 685 2446 tractus
711 2380 889 2471 porrectus
916 2371 955 2442 in
981 2380 1144 2444 austrum

220 2545 398 2616 Oceanum
424 2541 560 2629 dextra,
587 2542 687 2615 laeva
713 2549 811 2614 tenet
836 2539 946 2612 ardua
973 2565 1072 2626 saxa,
1095 2541 1097 2548 “

223 2711 292 2796 Qui
318 2711 454 2809 primus
480 2720 599 2786 nostro
623 2711 768 2810 penitus
795 2709 934 2782 divisus
961 2709 1006 2782 ab
1031 2708 1112 2782 orbe

222 2880 397 2978 Virginea
423 2881 596 2978 templum
622 2880 742 2979 posuit
768 2879 902 2978 pietate
930 2879 1091 2952 merenti.
1245 2917 1248 2927 1
1349 2905 1387 2958 80

159 3107 168 3120 .
224 3049 279 3121 Ne
303 3058 423 3123 tamen
447 3050 515 3124 has
542 3050 675 3148 species
701 3049 816 3122 natali
842 3048 1032 3122 inolescere
1056 3056 1198 3121 tantum

224 3218 334 3292 Crede
361 3220 442 3307 solo,
470 3227 577 3317 atque
603 3217 689 3292 alibi
715 3217 789 3290 vim
814 3216 1028 3314 degenerare
1054 3215 1213 3314 priorem.

223 3389 315 3461 Nam
341 3389 506 3487 quamvis
532 3398 661 3462 natura
687 3387 806 3462 modos
831 3395 867 3460 et
894 3385 1031 3460 foedera
1058 3386 1158 3484 ponit

225 3556 329 3630 Certa
355 3558 450 3648 Iocis,
477 3567 519 3631 ut
546 3582 707 3657 quaeque
732 3557 823 3630 ferat
849 3581 915 3630 sua
940 3579 1087 3630 munera
1112 3555 1230 3642 tellus,

222 3726 406 3826 Adspicias
433 3729 519 3802 alibi
545 3730 657 3802 laetas
679 3727 870 3826 pubescere
896 3734 931 3798 et
955 3725 1063 3823 ipsas,

113 4067 145 4110 V.
165 4063 256 4109 74-76.
271 4064 325 4108 Hac
335 4067 477 4121 periphrasi
487 4067 588 4111 Insulae
602 4067 758 4110 denotantur
768 4062 900 4108 Americae
915 4061 1055 4118 superioris
1064 4062 1096 4105 ad
1110 4061 1196 4104 sinum
1210 4059 1385 4104 Maximinum:

61 4137 149 4193 vulgo
168 4136 305 4187 dicuntur,
320 4135 384 4182 Isole
399 4138 550 4194 Soprovcoto
563 4142 586 4183 et
599 4139 746 4183 Sottoceoto.

111 4209 145 4252 V.
163 4205 255 4250 77-80·
277 4205 383 4250 Scilicet
397 4208 570 4252 Peruvianum
588 4209 714 4263 Regnum,
730 4207 806 4248 cuius
825 4203 1054 4257 emmeranensi,
1073 4200 1159 4244 natale
1179 4201 1263 4244 solum
1278 4199 1388 4244 Sanctae

61 4277 185 4334 Virginis
199 4276 288 4324 Rosea.

1296 4395 1313 4446 6
