3236 5306
794 462 1015 532 —lld—

399 689 562 780 Stridere3
589 713 670 762 mox
696 688 840 763 umbras
867 689 967 764 video
993 689 1086 763 facto
1111 690 1256 787 agmine
1280 701 1411 765 contra

398 811 608 956 lmplaeidas
634 881 792 955 pressare
819 857 946 944 virum,
973 856 1209 956 manibusque
1236 859 1369 932 minari

399 1028 447 1100 Ni
473 1027 563 1101 forte
587 1027 763 1101 abscedat.
790 1027 857 1102 Sed
881 1029 1001 1127 pellax
1023 1026 1164 1101 tendere
1189 1029 1337 1127 palmas;
1398 1110 1400 1116 ,

399 1197 505 1270 Nunc
530 1197 595 1270 hos
621 1205 716 1271 nune
741 1198 833 1285 illos,
859 1199 971 1272 veluti
997 1199 1060 1298 qui
1086 1209 1210 1274 noscat
1235 1199 1280 1274 ed
1305 1226 1439 1288 unum,

398 1346 616 1464 Compellare
640 1391 793 1464 gregum
819 1391 974 1466 proceres
1001 1368 1137 1466 placido
1162 1393 1219 1442 ore
1246 1370 1409 1444 seorsim.

397 1539 478 1613 Non
503 1538 665 1637 equidem
690 1564 782 1637 quae
807 1565 919 1638 pauca
945 1540 1032 1613 viris
1059 1549 1114 1613 est
1139 1539 1244 1614 verba
1271 1540 1450 1638 loquutus

396 1707 597 1781 Audieram:
617 1707 788 1783 sedenim
808 1735 828 1782 «
839 1710 964 1783 Procul
974 1708 1068 1795 hine,
1086 1708 1301 1806 proeulesto,
1319 1733 1552 1807 necunquam

395 1879 523 1951 Noster
548 1878 649 1952 eris»
670 1879 778 1953 simul
804 1901 861 1954 ore
879 1879 1045 1964 fremunt,
1063 1877 1149 1956 dum
1165 1879 1326 1978 protinus
1352 1903 1481 1994 omnes

394 2048 542 2119 Lustrat
565 2046 673 2120 hians
698 2048 810 2124 oeulis
837 2048 907 2122 hue
932 2049 1018 2121 illue
1043 2071 1118 2122 erro
1143 2057 1313 2122 catervas.

397 2219 501 2290 Forte
528 2217 611 2290 steti
636 2215 778 2290 dexter:
806 2241 908 2290 secus
936 2217 994 2290 hie
1019 2216 1116 2290 haud
1142 2241 1255 2314 pauca
1280 2218 1431 2292 tulisset

393 2385 560 2472 Verbera,
586 2386 751 2459 turbatus
778 2385 904 2459 mediis
930 2395 983 2459 tot
1010 2385 1169 2460 millibus
1195 2412 1301 2460 unus.

394 2522 476 2626 Non
499 2563 619 2626 tamen
645 2554 721 2651 ipse
746 2579 875 2626 manus
901 2554 999 2652 potui
1025 2553 1194 2628 cohibere.
1220 2557 1431 2630 Protervunr

395 2723 542 2796 Occului
567 2722 710 2796 tandem
735 2723 945 2815 miseratus;
977 2749 1059 2796 narn
1086 2725 1240 2823 impetus
1266 2727 1382 2800 omnis

393 2891 515 2964 Saevit
539 2891 666 2964 adhue.
692 2894 835 2979 Verum,
863 2893 976 2980 Pluto,
1002 2902 1066 2966 tua
1092 2894 1191 2967 iussa
1216 2894 1403 2970 facessam.

394 3063 453 3133 Pr.
480 3059 634 3134 Accedat
659 3025 755 3134 sine:
783 3070 1002 3159 praesentem
1027 3063 1097 3136 cito
1122 3043 1225 3137 nosse
1253 3063 1380 3139 laboro

395 3229 458 3302 Cn.
486 3228 545 3301 Ah
571 3229 687 3303 hercle
712 3229 860 3328 effugit!
888 3240 1075 3329 euperetne
1101 3231 1225 3305 innare
1249 3230 1448 3330 paludem?

394 3399 423 3471 0
449 3397 608 3470 utinam!
637 3392 697 3471 sed
722 3398 799 3471 fata
824 3407 965 3472 vetant:
992 3399 1090 3497 quin,
1120 3399 1270 3500 adspice,
1296 3410 1497 3475 monstrum

394 3571 443 3641 Te
467 3569 676 3665 petit-Pr.
695 3568 773 3642 Eho
790 3593 912 3667 rumpe
929 3593 1054 3654 moras,
1073 3568 1142 3655 hie,
1160 3569 1246 3656 fare,
1264 3568 1351 3667 quid
1368 3570 1499 3644 audes?
1589 3533 1590 3600 i

391 3739 458 3810 Est
483 3737 583 3824 mihi,
613 3739 645 3810 si
670 3739 787 3811 neseis
813 3739 877 3810 uni
903 3739 962 3812 hie
987 3739 1175 3812 commissa
1200 3747 1366 3837 potestas,

390 3907 467 3978 Ter.
486 3906 638 3993 Tertius,
665 3906 753 3980 haee
779 3907 874 3993 audi,
902 3931 1113 4004 magnorum
1138 3931 1183 3980 ex
1213 3907 1322 4005 stirpe
1348 3931 1504 3984 meorum
1589 3953 1590 3960 κ

389 4071 502 4146 Adsto
526 4097 610 4170 ego:
638 4075 921 4173 quandoquidem
946 4099 1080 4173 nequeo
1105 4099 1183 4148 mea
1210 4075 1348 4148 vincere
1375 4076 1464 4163 fata,
1589 4081 1590 4162 ἶ

388 4241 549 4337 Imperiis
578 4266 622 4313 en
648 4244 729 4317 cedo
755 4245 839 4317 tuis.
866 4247 999 4316 Tamen
1026 4244 1120 4318 illico
1146 4244 1191 4318 ab
1216 4243 1307 4328 istis,
