3246 5314
618 420 814 532 --114Ἴ

207 695 370 792 Aequora
394 699 534 790 aperta3
560 691 648 765 viris
673 692 782 766 tellus
807 715 878 764 non
904 691 1058 790 amplius
1083 691 1159 766 ulla

209 861 377 936 Occurrit.
403 862 509 934 Nunc
534 859 609 934 dux
634 861 781 948 animos,
808 886 903 934 nnnc
928 885 1083 959 promere
1108 862 1201 936 vires

204 1033 385 1118 Hortatur,
410 1055 480 1130 quo
505 1030 583 1104 vela
607 1038 741 1128 petant,
768 1038 804 1103 et
829 1029 968 1102 vincere
994 1055 1147 1104 cursum.

206 1201 320 1274 Solem
346 1199 431 1273 adeo
456 1207 492 1272 ct
517 1198 633 1274 crebro
658 1199 804 1272 tacitam
830 1199 908 1272 sinc
925 1197 1038 1272 sidere
1062 1207 1198 1272 noctem

203 1370 292 1442 Alta
315 1376 457 1460 tenent;
484 1378 697 1466 servantque
723 1369 829 1456 vices,
856 1368 889 1441 si
914 1393 1054 1467 corpora
1079 1369 1218 1474 possint

202 1537 352 1612 Auxilio
379 1559 541 1624 recreare,
567 1560 684 1610 morae
708 1537 765 1610 vel
789 1535 908 1610 taedia
932 1545 1051 1611 cantu.

201 1707 280 1779 Iam
304 1715 424 1780 contra
451 1705 572 1780 insani
598 1714 746 1792 montes,
771 1713 964 1804 portusque
989 1714 1179 1804 patescunt

201 1871 398 1960 Sardiniae,
425 1873 565 1972 visique
590 1873 710 1972 procul
736 1872 942 1947 subvolvere
966 1872 1116 1947 fumum.

201 2040 272 2114 Hic
295 2042 402 2128 locus
429 2041 468 2114 in
493 2041 657 2139 geminas
682 2065 753 2139 qua
778 2063 817 2114 se
841 2040 901 2114 via
926 2039 1052 2139 pandit
1076 2042 1198 2115 eunti:

201 2212 324 2298 Recta,
350 2209 432 2284 freti
457 2235 550 2309 quae
575 2210 732 2288 claustra
757 2209 855 2283 subit
878 2209 1082 2284 resonantia
1107 2209 1259 2309 Taphri:

198 2383 253 2452 At
277 2378 420 2453 subitus
446 2379 478 2452 si
503 2378 592 2453 forte
616 2378 703 2452 feris
727 2379 913 2454 conatibus
938 2378 1011 2454 alto

188 2515 380 2634 'Incubuit
405 2547 598 2647 boreasque
623 2548 751 2647 premit
776 2556 989 2635 transversa,
1015 2545 1168 2645 legenda

198 2717 320 2790 Laeva
344 2717 414 2790 rati
440 2717 510 2804 via,
536 2716 688 2790 circuitu
711 2716 890 2790 radendus
915 2725 951 2791 et
975 2715 1070 2790 infra

105 2901 108 2906 “
198 2887 347 2959 Pontus.
373 2889 444 2958 Iter
468 2857 646 2984 peragunt
670 2885 749 2972 hac,
775 2885 849 2957 iam
872 2884 1076 2960 melioribus
1102 2885 1161 2960 usi

197 3053 395 3152 Auspiciis,
422 3053 575 3153 Libyam
601 3053 633 3126 si
658 3061 793 3126 certent
817 3062 966 3151 tangere
991 3059 1132 3127 metam.

194 3221 259 3294 Sic
282 3221 372 3296 alios
396 3220 544 3294 rediisse
568 3219 687 3319 pudet,
714 3220 771 3293 vel
796 3207 934 3294 flectere
959 3228 1064 3295 vento

193 3390 327 3463 Lintea
350 3387 515 3488 proclivi;
542 3399 662 3464 contra
686 3398 760 3464 toto
786 3390 915 3488 impete
940 3400 1075 3464 certum
1101 3401 1156 3464 cst

195 3559 333 3646 Obniti,
359 3559 560 3658 fluctusque
584 3558 667 3632 freti
694 3582 859 3657 superare
883 3559 1060 3652 mindccs3

140 3732 143 3738 ’
192 3730 246 3801 Et
271 3728 373 3800 laeva
400 3728 564 3826 scopulis
593 3733 713 3827 (caput
737 3729 797 3802 his
823 3731 985 3826 Hermea)
1011 3728 1157 3816 relictis,

193 3897 388 3995 Arripiunt
413 3897 542 3972 crebris
568 3897 702 3995 Taphri
729 3923 852 3996 sparsa
878 3915 1027 3997 aequora
1054 3898 1169 3972 terris.

100 4197 127 4242 V.
143 4197 189 4244 lau
206 4197 299 4252 Vulgo
314 4197 444 4250 Lambere,
454 4205 468 4238 c
478 4207 588 4251 quorum
601 4198 699 4241 vertice
713 4197 792 4242 validi
807 4197 886 4252 venti,
900 4199 927 4241 ct
941 4198 1050 4242 maxime
1069 4197 1162 4241 incerti
1176 4198 1252 4257 (unde
1262 4200 1364 4258 nomen)

56 4267 76 4308 in
85 4280 149 4314 mare
158 4272 246 4314 ruunt
256 4272 285 4312 ct
295 4267 440 4323 periculum
450 4268 635 4324 navigantibus
644 4267 761 4315 afferunt.
773 4267 818 4326 [Cf.
828 4269 883 4314 Liv.
890 4267 907 4311 l.
918 4269 993 4314 XXX
1003 4281 1024 4314 c.
1032 4271 1161 4328 XXXIX.)
