<?xml version="1.0" encoding="UTF-8"?>
<!DOCTYPE html PUBLIC "-//W3C//DTD XHTML 1.0 Transitional//EN"
    "http://www.w3.org/TR/xhtml1/DTD/xhtml1-transitional.dtd">
<html xmlns="http://www.w3.org/1999/xhtml" xml:lang="en" lang="en">
 <head>
  <title>
</title>
<meta http-equiv="Content-Type" content="text/html;charset=utf-8" />
  <meta name='ocr-system' content='tesseract 3.04.00' />
  <meta name='ocr-capabilities' content='ocr_page ocr_carea ocr_par ocr_line ocrx_word'/>
</head>
<body>
  <div class='ocr_page' id='page_1' title='image "./franciscitranqu00moltgoog_0041.png"; bbox 0 0 3246 5314; ppageno 0'>
   <div class='ocr_carea' id='block_1_1' title="bbox 790 498 987 568">
    <p class='ocr_par' dir='ltr' id='par_1_1' title="bbox 790 498 987 568">
     <span class='ocr_line' id='line_1_1' title="bbox 790 498 987 568; baseline 0.01 -20"><span class='ocrx_word' id='word_1_1' title='bbox 790 498 987 568; x_wconf 57' lang='lat'><strong>„26-</strong></span> 
     </span>
    </p>
   </div>
   <div class='ocr_carea' id='block_1_2' title="bbox 331 691 1610 3364">
    <p class='ocr_par' dir='ltr' id='par_1_2' title="bbox 387 691 1230 825">
     <span class='ocr_line' id='line_1_2' title="bbox 387 691 1230 825; baseline -0.004 -26"><span class='ocrx_word' id='word_1_2' title='bbox 387 725 498 799; x_wconf 84' lang='lat' dir='ltr'><strong>Edere</strong></span> <span class='ocrx_word' id='word_1_3' title='bbox 524 725 716 825; x_wconf 84' lang='lat' dir='ltr'><strong>fulgentes,</strong></span> <span class='ocrx_word' id='word_1_4' title='bbox 743 733 896 798; x_wconf 90' lang='lat' dir='ltr'><strong>reserato</strong></span> <span class='ocrx_word' id='word_1_5' title='bbox 922 691 1067 810; x_wconf 84' lang='lat' dir='ltr'><strong>carcere,</strong></span> <span class='ocrx_word' id='word_1_6' title='bbox 1094 724 1230 798; x_wconf 84' lang='lat' dir='ltr'>baccas.</span> 
     </span>
    </p>

    <p class='ocr_par' dir='ltr' id='par_1_3' title="bbox 331 855 1571 1504">
     <span class='ocr_line' id='line_1_3' title="bbox 331 855 1571 993; baseline 0.001 -26"><span class='ocrx_word' id='word_1_7' title='bbox 331 952 338 966; x_wconf 96' lang='lat'>.</span> <span class='ocrx_word' id='word_1_8' title='bbox 387 894 453 968; x_wconf 86' lang='lat' dir='ltr'><strong>Sed</strong></span> <span class='ocrx_word' id='word_1_9' title='bbox 481 903 580 968; x_wconf 84' lang='lat' dir='ltr'><strong>sexto</strong></span> <span class='ocrx_word' id='word_1_10' title='bbox 605 895 757 993; x_wconf 91' lang='lat' dir='ltr'><strong>phoebes</strong></span> <span class='ocrx_word' id='word_1_11' title='bbox 783 895 932 969; x_wconf 91' lang='lat' dir='ltr'><strong>redeunt</strong></span> <span class='ocrx_word' id='word_1_12' title='bbox 958 855 1029 968; x_wconf 86' lang='lat' dir='ltr'><strong>iam</strong></span> <span class='ocrx_word' id='word_1_13' title='bbox 1055 896 1194 968; x_wconf 89' lang='lat' dir='ltr'><strong>lumina</strong></span> <span class='ocrx_word' id='word_1_14' title='bbox 1221 904 1329 982; x_wconf 89' lang='lat' dir='ltr'><strong>motu,</strong></span> <span class='ocrx_word' id='word_1_15' title='bbox 1511 929 1571 981; x_wconf 75' lang='lat'><strong>465</strong></span> 
     </span>
     <span class='ocr_line' id='line_1_4' title="bbox 387 1063 1435 1163; baseline 0.002 -27"><span class='ocrx_word' id='word_1_16' title='bbox 387 1066 504 1149; x_wconf 82' lang='lat' dir='ltr'><strong>Quum</strong></span> <span class='ocrx_word' id='word_1_17' title='bbox 533 1063 620 1136; x_wconf 84' lang='lat' dir='ltr'><strong>fessi</strong></span> <span class='ocrx_word' id='word_1_18' title='bbox 646 1087 762 1137; x_wconf 90' lang='lat' dir='ltr'><strong>rerum</strong></span> <span class='ocrx_word' id='word_1_19' title='bbox 789 1073 982 1163; x_wconf 81' lang='lat' dir='ltr'><strong>peragrant</strong></span> <span class='ocrx_word' id='word_1_20' title='bbox 1007 1064 1118 1137; x_wconf 90' lang='lat' dir='ltr'><strong>maris</strong></span> <span class='ocrx_word' id='word_1_21' title='bbox 1144 1065 1264 1138; x_wconf 88' lang='lat' dir='ltr'><strong>omnia</strong></span> <span class='ocrx_word' id='word_1_22' title='bbox 1288 1065 1435 1153; x_wconf 88' lang='lat' dir='ltr'><strong>circum,</strong></span> 
     </span>
     <span class='ocr_line' id='line_1_5' title="bbox 387 1234 1453 1334; baseline 0.006 -29"><span class='ocrx_word' id='word_1_23' title='bbox 387 1234 534 1331; x_wconf 81' lang='lat' dir='ltr'>Frigore</span> <span class='ocrx_word' id='word_1_24' title='bbox 558 1243 594 1307; x_wconf 89' lang='lat' dir='ltr'><strong>et</strong></span> <span class='ocrx_word' id='word_1_25' title='bbox 619 1234 768 1332; x_wconf 87' lang='lat' dir='ltr'><strong>ancipiti</strong></span> <span class='ocrx_word' id='word_1_26' title='bbox 793 1235 1012 1322; x_wconf 90' lang='lat' dir='ltr'><strong>horrescunt,</strong></span> <span class='ocrx_word' id='word_1_27' title='bbox 1039 1260 1255 1334; x_wconf 75' lang='lat' dir='ltr'><strong>cursumque</strong></span> <span class='ocrx_word' id='word_1_28' title='bbox 1279 1248 1453 1312; x_wconf 89' lang='lat' dir='ltr'><strong>recusant</strong></span> 
     </span>
     <span class='ocr_line' id='line_1_6' title="bbox 391 1401 1342 1504; baseline 0.004 -30"><span class='ocrx_word' id='word_1_29' title='bbox 391 1405 571 1499; x_wconf 82' lang='lat' dir='ltr'><strong>Aequora:</strong></span> <span class='ocrx_word' id='word_1_30' title='bbox 599 1401 670 1475; x_wconf 86' lang='lat' dir='ltr'><strong>iam</strong></span> <span class='ocrx_word' id='word_1_31' title='bbox 697 1402 801 1476; x_wconf 91' lang='lat' dir='ltr'><strong>finem</strong></span> <span class='ocrx_word' id='word_1_32' title='bbox 829 1403 960 1501; x_wconf 89' lang='lat' dir='ltr'><strong>coeptis</strong></span> <span class='ocrx_word' id='word_1_33' title='bbox 987 1403 1165 1502; x_wconf 80' lang='lat' dir='ltr'>imponere</span> <span class='ocrx_word' id='word_1_34' title='bbox 1192 1414 1342 1504; x_wconf 89' lang='lat' dir='ltr'><strong>tempus.</strong></span> 
     </span>
    </p>

    <p class='ocr_par' dir='ltr' id='par_1_4' title="bbox 390 1569 1373 1674">
     <span class='ocr_line' id='line_1_7' title="bbox 390 1569 1373 1674; baseline 0.008 -32"><span class='ocrx_word' id='word_1_35' title='bbox 390 1569 582 1644; x_wconf 82' lang='lat' dir='ltr'><strong>Subductis</strong></span> <span class='ocrx_word' id='word_1_36' title='bbox 608 1571 723 1670; x_wconf 84' lang='lat' dir='ltr'><strong>igitur</strong></span> <span class='ocrx_word' id='word_1_37' title='bbox 748 1573 870 1671; x_wconf 72' lang='lat' dir='ltr'><strong>proris</strong></span> <span class='ocrx_word' id='word_1_38' title='bbox 896 1596 989 1672; x_wconf 90' lang='lat' dir='ltr'><strong>quae</strong></span> <span class='ocrx_word' id='word_1_39' title='bbox 1015 1575 1186 1672; x_wconf 85' lang='lat' dir='ltr'><strong>proxima,</strong></span> <span class='ocrx_word' id='word_1_40' title='bbox 1213 1585 1373 1674; x_wconf 78' lang='lat' dir='ltr'><strong>tangunt</strong></span> 
     </span>
    </p>

    <p class='ocr_par' dir='ltr' id='par_1_5' title="bbox 377 1742 1577 2013">
     <span class='ocr_line' id='line_1_8' title="bbox 389 1742 1577 1843; baseline 0.005 -30"><span class='ocrx_word' id='word_1_41' title='bbox 389 1742 536 1830; x_wconf 85' lang='lat' dir='ltr'><strong>Littera,</strong></span> <span class='ocrx_word' id='word_1_42' title='bbox 563 1751 599 1816; x_wconf 91' lang='lat' dir='ltr'><strong>et</strong></span> <span class='ocrx_word' id='word_1_43' title='bbox 624 1743 785 1842; x_wconf 80' lang='lat' dir='ltr'><strong>antiquis</strong></span> <span class='ocrx_word' id='word_1_44' title='bbox 812 1743 945 1817; x_wconf 89' lang='lat' dir='ltr'><strong>adeunt</strong></span> <span class='ocrx_word' id='word_1_45' title='bbox 969 1745 1045 1818; x_wconf 90' lang='lat' dir='ltr'><strong>loca</strong></span> <span class='ocrx_word' id='word_1_46' title='bbox 1074 1744 1237 1818; x_wconf 77' lang='lat' dir='ltr'><strong>sentibus</strong></span> <span class='ocrx_word' id='word_1_47' title='bbox 1264 1747 1394 1843; x_wconf 83' lang='lat' dir='ltr'><strong>ampla,</strong></span> <span class='ocrx_word' id='word_1_48' title='bbox 1520 1777 1577 1832; x_wconf 80' lang='lat'><strong>470</strong></span> 
     </span>
     <span class='ocr_line' id='line_1_9' title="bbox 377 1911 1381 2013; baseline 0.004 -31"><span class='ocrx_word' id='word_1_49' title='bbox 377 1913 444 2004; x_wconf 58' lang='lat' dir='ltr'><strong>,Ne</strong></span> <span class='ocrx_word' id='word_1_50' title='bbox 469 1911 604 2008; x_wconf 86' lang='lat' dir='ltr'><strong>patrias</strong></span> <span class='ocrx_word' id='word_1_51' title='bbox 630 1922 786 1986; x_wconf 89' lang='lat' dir='ltr'><strong>remeent</strong></span> <span class='ocrx_word' id='word_1_52' title='bbox 812 1912 911 1986; x_wconf 89' lang='lat' dir='ltr'><strong>sedes</strong></span> <span class='ocrx_word' id='word_1_53' title='bbox 941 1913 1019 1986; x_wconf 89' lang='lat' dir='ltr'><strong>sine</strong></span> <span class='ocrx_word' id='word_1_54' title='bbox 1044 1912 1196 2010; x_wconf 90' lang='lat' dir='ltr'><strong>pondere</strong></span> <span class='ocrx_word' id='word_1_55' title='bbox 1223 1913 1381 2013; x_wconf 84' lang='lat' dir='ltr'><strong>cymbae.</strong></span> 
     </span>
    </p>

    <p class='ocr_par' dir='ltr' id='par_1_6' title="bbox 390 2078 1204 2170">
     <span class='ocr_line' id='line_1_10' title="bbox 390 2078 1204 2170; baseline 0.001 -19"><span class='ocrx_word' id='word_1_56' title='bbox 390 2078 546 2152; x_wconf 88' lang='lat' dir='ltr'><strong>Festivis</strong></span> <span class='ocrx_word' id='word_1_57' title='bbox 572 2081 675 2153; x_wconf 88' lang='lat' dir='ltr'><strong>lucus</strong></span> <span class='ocrx_word' id='word_1_58' title='bbox 700 2088 842 2154; x_wconf 89' lang='lat' dir='ltr'><strong>resonat</strong></span> <span class='ocrx_word' id='word_1_59' title='bbox 868 2078 1100 2170; x_wconf 81' lang='lat' dir='ltr'><strong>clamoribus3</strong></span> <span class='ocrx_word' id='word_1_60' title='bbox 1126 2081 1204 2164; x_wconf 91' lang='lat' dir='ltr'><strong>orni</strong></span> 
     </span>
    </p>

    <p class='ocr_par' dir='ltr' id='par_1_7' title="bbox 389 2248 1291 2348">
     <span class='ocr_line' id='line_1_11' title="bbox 389 2248 1291 2348; baseline 0.002 -28"><span class='ocrx_word' id='word_1_61' title='bbox 389 2248 628 2323; x_wconf 88' lang='lat' dir='ltr'><strong>Procumbunt</strong></span> <span class='ocrx_word' id='word_1_62' title='bbox 653 2248 800 2348; x_wconf 90' lang='lat' dir='ltr'><strong>pinique</strong></span> <span class='ocrx_word' id='word_1_63' title='bbox 824 2249 954 2335; x_wconf 87' lang='lat' dir='ltr'><strong>trabes,</strong></span> <span class='ocrx_word' id='word_1_64' title='bbox 980 2249 1140 2347; x_wconf 87' lang='lat' dir='ltr'><strong>rapiente</strong></span> <span class='ocrx_word' id='word_1_65' title='bbox 1165 2251 1291 2332; x_wconf 85' lang='lat' dir='ltr'><strong>securi.</strong></span> 
     </span>
    </p>

    <p class='ocr_par' dir='ltr' id='par_1_8' title="bbox 389 2417 1382 2515">
     <span class='ocr_line' id='line_1_12' title="bbox 389 2417 1382 2515; baseline 0.003 -27"><span class='ocrx_word' id='word_1_66' title='bbox 389 2418 463 2490; x_wconf 91' lang='lat' dir='ltr'><strong>Hoc</strong></span> <span class='ocrx_word' id='word_1_67' title='bbox 487 2442 586 2515; x_wconf 92' lang='lat' dir='ltr'><strong>opus,</strong></span> <span class='ocrx_word' id='word_1_68' title='bbox 614 2417 802 2514; x_wconf 86' lang='lat' dir='ltr'><strong>ingentum</strong></span> <span class='ocrx_word' id='word_1_69' title='bbox 829 2418 952 2491; x_wconf 87' lang='lat' dir='ltr'><strong>nautis</strong></span> <span class='ocrx_word' id='word_1_70' title='bbox 978 2418 1065 2491; x_wconf 89' lang='lat' dir='ltr'><strong>haec</strong></span> <span class='ocrx_word' id='word_1_71' title='bbox 1092 2427 1187 2492; x_wconf 88' lang='lat' dir='ltr'><strong>meta</strong></span> <span class='ocrx_word' id='word_1_72' title='bbox 1211 2419 1382 2493; x_wconf 89' lang='lat' dir='ltr'><strong>laborum.</strong></span> 
     </span>
    </p>

    <p class='ocr_par' dir='ltr' id='par_1_9' title="bbox 388 2585 1263 2687">
     <span class='ocr_line' id='line_1_13' title="bbox 388 2585 1263 2687; baseline 0.005 -30"><span class='ocrx_word' id='word_1_73' title='bbox 388 2585 533 2659; x_wconf 84' lang='lat' dir='ltr'><strong>Etiam</strong></span> <span class='ocrx_word' id='word_1_74' title='bbox 560 2587 737 2672; x_wconf 87' lang='lat' dir='ltr'><strong>solemnis,</strong></span> <span class='ocrx_word' id='word_1_75' title='bbox 764 2587 855 2660; x_wconf 90' lang='lat' dir='ltr'><strong>seclo</strong></span> <span class='ocrx_word' id='word_1_76' title='bbox 881 2586 1062 2674; x_wconf 82' lang='lat' dir='ltr'><strong>referente,</strong></span> <span class='ocrx_word' id='word_1_77' title='bbox 1089 2588 1263 2687; x_wconf 89' lang='lat' dir='ltr'><strong>triumphi</strong></span> 
     </span>
    </p>

    <p class='ocr_par' dir='ltr' id='par_1_10' title="bbox 388 2754 1456 3024">
     <span class='ocr_line' id='line_1_14' title="bbox 390 2754 1456 2854; baseline 0.003 -26"><span class='ocrx_word' id='word_1_78' title='bbox 390 2756 470 2828; x_wconf 89' lang='lat' dir='ltr'><strong>Lux</strong></span> <span class='ocrx_word' id='word_1_79' title='bbox 496 2777 627 2827; x_wconf 91' lang='lat' dir='ltr'><strong>memor</strong></span> <span class='ocrx_word' id='word_1_80' title='bbox 653 2754 808 2841; x_wconf 87' lang='lat' dir='ltr'><strong>advenit,</strong></span> <span class='ocrx_word' id='word_1_81' title='bbox 836 2780 945 2852; x_wconf 96' lang='lat' dir='ltr'><strong>quum</strong></span> <span class='ocrx_word' id='word_1_82' title='bbox 973 2765 1110 2854; x_wconf 89' lang='lat' dir='ltr'><strong>propter</strong></span> <span class='ocrx_word' id='word_1_83' title='bbox 1135 2757 1339 2831; x_wconf 85' lang='lat' dir='ltr'><strong>Echinadas</strong></span> <span class='ocrx_word' id='word_1_84' title='bbox 1365 2758 1456 2832; x_wconf 91' lang='lat' dir='ltr'><strong>olim</strong></span> 
     </span>
     <span class='ocr_line' id='line_1_15' title="bbox 388 2923 1397 3024; baseline -0.002 -24"><span class='ocrx_word' id='word_1_85' title='bbox 388 2923 634 3022; x_wconf 79' lang='lat' dir='ltr'><strong>Christigenis</strong></span> <span class='ocrx_word' id='word_1_86' title='bbox 659 2934 797 2998; x_wconf 88' lang='lat' dir='ltr'><strong>turmas</strong></span> <span class='ocrx_word' id='word_1_87' title='bbox 825 2925 941 2998; x_wconf 88' lang='lat' dir='ltr'><strong>scelus</strong></span> <span class='ocrx_word' id='word_1_88' title='bbox 967 2924 1190 3024; x_wconf 86' lang='lat' dir='ltr'><strong>expendisse,</strong></span> <span class='ocrx_word' id='word_1_89' title='bbox 1216 2934 1397 3024; x_wconf 89' lang='lat' dir='ltr'><strong>perempta</strong></span> 
     </span>
    </p>

    <p class='ocr_par' dir='ltr' id='par_1_11' title="bbox 387 3093 1610 3364">
     <span class='ocr_line' id='line_1_16' title="bbox 388 3093 1387 3196; baseline 0 -28"><span class='ocrx_word' id='word_1_90' title='bbox 388 3093 523 3179; x_wconf 83' lang='lat' dir='ltr'><strong>Classe,</strong></span> <span class='ocrx_word' id='word_1_91' title='bbox 550 3093 671 3167; x_wconf 87' lang='lat' dir='ltr'><strong>ferunt</strong></span> <span class='ocrx_word' id='word_1_92' title='bbox 697 3095 896 3196; x_wconf 77' lang='lat' dir='ltr'><strong>Scythicas,</strong></span> <span class='ocrx_word' id='word_1_93' title='bbox 927 3095 1101 3193; x_wconf 89' lang='lat' dir='ltr'><strong>suavique</strong></span> <span class='ocrx_word' id='word_1_94' title='bbox 1127 3097 1261 3170; x_wconf 87' lang='lat' dir='ltr'><strong>rosaria</strong></span> <span class='ocrx_word' id='word_1_95' title='bbox 1287 3097 1387 3169; x_wconf 90' lang='lat' dir='ltr'><strong>cultu</strong></span> 
     </span>
     <span class='ocr_line' id='line_1_17' title="bbox 387 3263 1610 3364; baseline -0.004 -24"><span class='ocrx_word' id='word_1_96' title='bbox 387 3268 575 3340; x_wconf 84' lang='lat' dir='ltr'><strong>Armorum</strong></span> <span class='ocrx_word' id='word_1_97' title='bbox 603 3264 715 3337; x_wconf 88' lang='lat' dir='ltr'><strong>Divae</strong></span> <span class='ocrx_word' id='word_1_98' title='bbox 744 3264 900 3339; x_wconf 87' lang='lat' dir='ltr'><strong>redolent</strong></span> <span class='ocrx_word' id='word_1_99' title='bbox 926 3265 1051 3340; x_wconf 87' lang='lat' dir='ltr'><strong>devota</strong></span> <span class='ocrx_word' id='word_1_100' title='bbox 1077 3265 1222 3364; x_wconf 88' lang='lat' dir='ltr'><strong>potenti.</strong></span> <span class='ocrx_word' id='word_1_101' title='bbox 1609 3263 1610 3335; x_wconf 86' lang='lat' dir='ltr'><strong>l</strong></span> 
     </span>
    </p>
   </div>
   <div class='ocr_carea' id='block_1_3' title="bbox 389 3434 1581 3534">
    <p class='ocr_par' dir='ltr' id='par_1_12' title="bbox 389 3434 1609 3565">
     <span class='ocr_line' id='line_1_18' title="bbox 389 3434 1581 3534; baseline 0.006 -27"><span class='ocrx_word' id='word_1_102' title='bbox 389 3438 482 3507; x_wconf 86' lang='lat' dir='ltr'><strong>Tum</strong></span> <span class='ocrx_word' id='word_1_103' title='bbox 509 3434 616 3508; x_wconf 92' lang='lat' dir='ltr'><strong>simul</strong></span> <span class='ocrx_word' id='word_1_104' title='bbox 644 3461 742 3509; x_wconf 86' lang='lat' dir='ltr'><strong>arma</strong></span> <span class='ocrx_word' id='word_1_105' title='bbox 767 3436 895 3534; x_wconf 86' lang='lat' dir='ltr'><strong>legunt</strong></span> <span class='ocrx_word' id='word_1_106' title='bbox 921 3458 1052 3522; x_wconf 91' lang='lat' dir='ltr'><strong>omnes,</strong></span> <span class='ocrx_word' id='word_1_107' title='bbox 1078 3435 1234 3534; x_wconf 88' lang='lat' dir='ltr'><strong>laetique</strong></span> <span class='ocrx_word' id='word_1_108' title='bbox 1260 3435 1448 3512; x_wconf 84' lang='lat' dir='ltr'><strong>facessunt</strong></span> <span class='ocrx_word' id='word_1_109' title='bbox 1524 3474 1581 3530; x_wconf 81' lang='lat'><strong>480</strong></span> 
     </span>
    </p>
   </div>
   <div class='ocr_carea' id='block_1_4' title="bbox 389 3603 1432 3703">
    <p class='ocr_par' dir='ltr' id='par_1_13' title="bbox 389 3603 1608 3793">
     <span class='ocr_line' id='line_1_19' title="bbox 389 3603 1432 3703; baseline 0.004 -27"><span class='ocrx_word' id='word_1_110' title='bbox 389 3605 493 3677; x_wconf 88' lang='lat' dir='ltr'><strong>Iussa</strong></span> <span class='ocrx_word' id='word_1_111' title='bbox 518 3603 669 3696; x_wconf 79' lang='lat' dir='ltr'><strong>ducum3</strong></span> <span class='ocrx_word' id='word_1_112' title='bbox 695 3604 835 3702; x_wconf 89' lang='lat' dir='ltr'><strong>requies</strong></span> <span class='ocrx_word' id='word_1_113' title='bbox 861 3612 1010 3690; x_wconf 83' lang='lat' dir='ltr'><strong>revocat,</strong></span> <span class='ocrx_word' id='word_1_114' title='bbox 1038 3605 1245 3703; x_wconf 88' lang='lat' dir='ltr'><strong>patriaeque</strong></span> <span class='ocrx_word' id='word_1_115' title='bbox 1270 3628 1432 3680; x_wconf 90' lang='lat' dir='ltr'><strong>remenso</strong></span> 
     </span>
    </p>
   </div>
   <div class='ocr_carea' id='block_1_5' title="bbox 389 3771 1480 3886">
    <p class='ocr_par' dir='ltr' id='par_1_14' title="bbox 389 3771 1480 3886">
     <span class='ocr_line' id='line_1_20' title="bbox 389 3771 1480 3886; baseline 0.005 -41"><span class='ocrx_word' id='word_1_116' title='bbox 389 3772 512 3845; x_wconf 91' lang='lat' dir='ltr'><strong>Dulcis</strong></span> <span class='ocrx_word' id='word_1_117' title='bbox 539 3796 635 3846; x_wconf 89' lang='lat' dir='ltr'><strong>amor</strong></span> <span class='ocrx_word' id='word_1_118' title='bbox 661 3772 797 3870; x_wconf 82' lang='lat' dir='ltr'><strong>pelago.</strong></span> <span class='ocrx_word' id='word_1_119' title='bbox 824 3773 1028 3869; x_wconf 89' lang='lat' dir='ltr'><strong>Drepanum</strong></span> <span class='ocrx_word' id='word_1_120' title='bbox 1057 3771 1159 3886; x_wconf 79' lang='lat' dir='ltr'><strong>illinc</strong></span> <span class='ocrx_word' id='word_1_121' title='bbox 1184 3771 1313 3845; x_wconf 88' lang='lat' dir='ltr'><strong>dissita</strong></span> <span class='ocrx_word' id='word_1_122' title='bbox 1339 3771 1480 3851; x_wconf 85' lang='lat' dir='ltr'><strong>classis</strong></span> 
     </span>
    </p>
   </div>
   <div class='ocr_carea' id='block_1_6' title="bbox 310 3931 1356 4045">
    <p class='ocr_par' dir='ltr' id='par_1_15' title="bbox 310 3931 1356 4045">
     <span class='ocr_line' id='line_1_21' title="bbox 310 3931 1356 4045; baseline -0.003 -26"><span class='ocrx_word' id='word_1_123' title='bbox 310 3931 314 3938; x_wconf 51' lang='grc'><strong>’</strong></span> <span class='ocrx_word' id='word_1_124' title='bbox 390 3947 466 4020; x_wconf 89' lang='lat' dir='ltr'><strong>Iam</strong></span> <span class='ocrx_word' id='word_1_125' title='bbox 492 3943 600 4030; x_wconf 91' lang='lat' dir='ltr'><strong>subit,</strong></span> <span class='ocrx_word' id='word_1_126' title='bbox 627 3952 662 4017; x_wconf 90' lang='lat' dir='ltr'><strong>et</strong></span> <span class='ocrx_word' id='word_1_127' title='bbox 688 3944 813 4016; x_wconf 90' lang='lat' dir='ltr'><strong>leviter</strong></span> <span class='ocrx_word' id='word_1_128' title='bbox 839 3943 1023 4045; x_wconf 82' lang='lat' dir='ltr'><strong>Tyrrheno</strong></span> <span class='ocrx_word' id='word_1_129' title='bbox 1049 3943 1210 4018; x_wconf 84' lang='lat' dir='ltr'><strong>illabitur</strong></span> <span class='ocrx_word' id='word_1_130' title='bbox 1235 3952 1356 4017; x_wconf 88' lang='lat' dir='ltr'><strong>aestu:</strong></span> 
     </span>
    </p>
   </div>
   <div class='ocr_carea' id='block_1_7' title="bbox 297 4334 1085 4392">
    <p class='ocr_par' dir='ltr' id='par_1_16' title="bbox 297 4334 1085 4392">
     <span class='ocr_line' id='line_1_22' title="bbox 297 4334 1085 4392; baseline 0.003 -15"><span class='ocrx_word' id='word_1_131' title='bbox 297 4334 327 4377; x_wconf 90' lang='lat' dir='ltr'><strong>V.</strong></span> <span class='ocrx_word' id='word_1_132' title='bbox 341 4334 441 4381; x_wconf 76' lang='lat'>475-79.</span> <span class='ocrx_word' id='word_1_133' title='bbox 457 4334 577 4390; x_wconf 77' lang='lat' dir='ltr'><strong>Intellige</strong></span> <span class='ocrx_word' id='word_1_134' title='bbox 591 4335 744 4381; x_wconf 88' lang='lat' dir='ltr'><strong>dominicam</strong></span> <span class='ocrx_word' id='word_1_135' title='bbox 759 4338 826 4380; x_wconf 87' lang='lat' dir='ltr'><strong>diem</strong></span> <span class='ocrx_word' id='word_1_136' title='bbox 841 4338 947 4392; x_wconf 86' lang='lat' dir='ltr'><strong>primam</strong></span> <span class='ocrx_word' id='word_1_137' title='bbox 962 4337 1085 4382; x_wconf 81' lang='lat' dir='ltr'><strong>Octobris.</strong></span> 
     </span>
    </p>
   </div>
   <div class='ocr_carea' id='block_1_8' title="bbox 0 0 1629 5314">
    <p class='ocr_par' dir='ltr' id='par_1_17' title="bbox 0 0 1629 5314">
     <span class='ocr_line' id='line_1_23' title="bbox 0 0 1629 5314; baseline 0 0"><span class='ocrx_word' id='word_1_138' title='bbox 0 0 1629 5314; x_wconf 95' lang='lat' dir='ltr'><strong> </strong></span> 
     </span>
    </p>
   </div>
  </div>
 </body>
</html>
