3236 5306
777 456 973 525 μ721.

370 683 484 754 'lutus
511 682 627 756 adbuc
654 692 755 756 teneo
779 706 871 780 quae
896 707 952 756 me
977 682 1121 758 docuere
1147 684 1287 783 priores,

368 853 513 926 Nemini
538 862 575 927 et
599 853 740 928 invideo
764 853 989 928 memoranda
1015 853 1172 928 inventa.
1197 857 1369 928 Remotus

371 1023 489 1106 Quum
515 1023 621 1122 longe
645 1024 820 1122 longeque
846 1023 920 1096 fera
946 1023 1014 1096 sim
1039 1047 1182 1122 prorsus
1207 1021 1252 1097 ab
1277 1021 1388 1109 omni,

367 1192 450 1265 Non
474 1215 531 1265 me
556 1191 686 1268 simioli
712 1192 841 1266 faciam
866 1216 1039 1290 magnum
1064 1193 1367 1267 incrementum».

369 1361 465 1433 Haec
489 1384 573 1460 ego:
601 1370 679 1435 tum
704 1385 810 1436 saeva
835 1361 932 1437 rabie
958 1371 1152 1436 commotus
1178 1370 1326 1460 uterque

373 1528 550 1603 Assidunt
575 1529 660 1603 bine
686 1530 785 1604 inde:
815 1530 945 1604 «Viris
971 1529 1058 1604 haee
1081 1530 1233 1628 parcius,
1259 1530 1382 1628 inquit
1521 1559 1560 1612 so

368 1702 461 1774 Voce
487 1723 595 1774 senex
619 1700 799 1774 blaterans
824 1700 946 1786 fracta,
973 1699 1213 1774 obiicienda».
1242 1699 1469 1786 «Vicissim,

368 1867 523 1942 Stultius
549 1868 641 1942 inter
667 1893 730 1942 nos
754 1868 836 1966 quis
862 1867 979 1942 famae
1004 1868 1187 1954 inserviat,
1212 1867 1279 1954 eia,

376 2038 619 2136 Experiamur,
646 2039 698 2112 ait
722 2039 907 2112 iuvenis»·
936 2040 1049 2112 «Non
1077 2038 1208 2136 proelia
1234 2061 1371 2136 sperno,

312 2261 319 2276 .
370 2208 539 2304 lnquam:
565 2208 746 2306 principio,
776 2234 845 2308 quo
870 2209 969 2294 abiit,
998 2208 1086 2280 mihi
1113 2207 1229 2293 dicite,
1256 2207 1374 2305 prisca

368 2376 479 2449 Simia
505 2379 543 2449 in
569 2376 747 2452 humanas
771 2403 912 2476 prorsus
938 2402 1105 2452 conversa
1131 2378 1292 2476 figuras?
1401 2433 1404 2440 .
1515 2410 1554 2462 05

367 2547 549 2620 Invenisse
574 2547 680 2635 decet,
708 2549 739 2621 si
764 2557 905 2623 nostrae
929 2556 984 2621 est
1010 2549 1131 2646 stirpis
1155 2548 1264 2646 erige,

370 2716 557 2814 Signatam
583 2717 724 2790 meliore
750 2726 843 2791 nota.
870 2718 985 2802 Quam
1010 2717 1186 2790 cernimus
1212 2740 1344 2801 omnes,

370 2884 491 2971 Sim'ia,
519 2886 556 2957 ni
583 2885 695 2972 fallor,
723 2886 824 2960 nobis
850 2895 908 2959 sat
932 2885 1126 2983 discrepat:
1155 2909 1257 2970 anne,

370 3057 551 3129 Hactenus
577 3054 714 3129 effossis
740 3056 896 3140 latebris
924 3055 1018 3152 siqui
1045 3052 1165 3128 abdita
1191 3077 1306 3127 rerum

369 3227 531 3312 Protulit,
557 3227 755 3300 humanum
785 3226 925 3324 stupuit
950 3224 1120 3323 reperisse
1144 3221 1292 3297 cadaver
1512 3253 1550 3304 70

372 3395 509 3469 Simioli
534 3395 698 3482 referens,
725 3395 866 3493 qualem
895 3418 989 3465 nune
1016 3393 1191 3477 novimus,
1217 3392 1304 3465 ora?
1362 3365 1365 3370 ⁵

370 3565 542 3663 Denique,
568 3588 613 3638 ne
637 3565 785 3664 longum
811 3564 950 3650 faciam,
977 3588 1041 3638 nos
1068 3564 1233 3648 vivimus,
1260 3560 1332 3634 alto

372 3735 495 3807 Insula
522 3736 627 3808 utin
654 3736 790 3834 pelago,
818 3759 935 3833 genus
961 3734 1184 3809 insociabile:
1213 3741 1354 3832 pontem

317 3991 329 4002 ἢ
375 3904 507 3991 lniieis,
533 3929 553 3979 o
579 3905 705 3980 misero
731 3904 875 4002 cupiens
902 3875 947 3976 ad
976 3904 1095 3977 littora
1120 3928 1227 3976 eursu

373 4072 528 4146 Tendere
554 4083 653 4172 septa
679 4073 774 4159 feris,
800 4062 905 4172 quem
930 4098 1108 4170 nusquam
1134 4071 1277 4170 provida
1304 4070 1408 4144 nobis
1509 4098 1545 4150 75

372 4242 497 4316 lnior-it
523 4252 661 4330 natura,
689 4244 818 4319 bonum
846 4267 909 4315 nee
934 4243 1085 4340 repperit
1110 4268 1243 4316 usus».
