3236 5306
406 916 619 1018 REGES
651 913 1030 1010 POPULARES

671 1197 769 1208 ...-.—..

257 1539 360 1626 Quid,
387 1538 499 1626 sodes,
524 1537 686 1611 animum
714 1559 775 1634 spe
800 1535 917 1634 pascis
943 1537 1109 1635 temporis
1135 1539 1235 1612 aeti?

204 1683 427 1808 Expectatus
452 1705 579 1792 adhuc,
607 1704 728 1790 Malvi,
756 1712 836 1801 post
861 1703 986 1778 nubila
1012 1704 1180 1804 phoebus,

207 1879 293 1952 Non
318 1877 349 1951 si
375 1886 412 1950 te
437 1883 580 1951 maneat
606 1874 710 1948 seclis
735 1872 859 1948 effoeta
886 1883 1060 1961 senectus,

208 2046 448 2131 credamini,
476 2044 651 2119 adveniet.
678 2046 747 2116 Res
775 2067 859 2142 ergo
885 2043 973 2117 ferre
998 2057 1158 2132 novatae,

161 2191 164 2198 ¹
205 2215 410 2290 Fabulam
437 2215 512 2288 fieri
540 2214 673 2312 cupias,
702 2237 876 2288 assuesce.
903 2213 1031 2286 Videre

208 2386 262 2458 Te
287 2382 423 2457 videor:
450 2407 558 2481 quam
586 2382 701 2455 multa
727 2380 827 2467 mihi,
854 2380 1078 2479 dominisque
1103 2383 1256 2480 precaris

211 2551 299 2624 Dira
326 2537 439 2638 novis,
467 2551 554 2624 haec
580 2559 697 2624 tecum
723 2551 843 2625 animo
868 2575 946 2624 mea
972 2550 1068 2628 dicta
1094 2553 1279 2627 volutans!

206 2721 375 2796 Forsitan
402 2731 439 2795 et
462 2720 639 2820 lacrymas
666 2719 833 2794 fundens:
863 2723 960 2794 «Pro
988 2730 1154 2820 tempora,
1181 2722 1326 2807 clamas,

214 2895 273 2965 Tu
297 2913 445 2990 quoquo,
472 2914 533 2988 pro
561 2913 684 2975 mores,
712 2864 906 2964 multorum
931 2888 1050 2962 deficis
1076 2893 1191 2962 unus!

214 3061 397 3136 Defecisse
422 3060 510 3135 alios
536 3058 652 3132 dolui:
682 3059 734 3133 nil
761 3061 833 3133 tale
858 3059 1047 3142 verendum

202 3233 268 3305 'De
293 3237 328 3302 te
353 3252 495 3327 prorsus
522 3237 597 3300 erat
610 3255 630 3299 »
658 3226 753 3310 Quid
778 3227 901 3300 enim?
926 3252 1017 3325 quae
1042 3227 1221 3302 commoda
1248 3252 1368 3302 seeum

211 3401 284 3472 Res
308 3397 458 3470 tulerint
483 3396 688 3496 dominique
716 3397 808 3483 novi,
836 3397 907 3471 iam
934 3399 1040 3472 miror
1065 3407 1101 3472 et
1126 3399 1201 3497 ipse

214 3573 299 3642 Sero
323 3576 453 3653 tamen,
479 3565 654 3664 laudeque
680 3567 784 3652 vices,
811 3591 901 3664 quas
927 3576 1011 3640 ante
1036 3566 1165 3664 refugi.

212 3739 310 3834 Ergo
335 3734 499 3809 libertate
525 3735 616 3809 bona
643 3744 761 3808 tecum
787 3743 869 3808 utar
894 3736 1012 3822 amici,

211 3907 308 4007 Vera
332 3904 492 4002 loquens
519 3928 620 4002 quae,
648 3905 793 4002 ingrata
820 3904 912 3990 lieet,
940 3913 975 3978 te
999 3905 1138 3978 vincere
1163 3905 1320 4002 possint:

213 4073 279 4146 Nil
304 4096 416 4147 moror
442 4073 576 4147 interea
603 4074 634 4146 si
663 4097 719 4147 me
746 4073 917 4146 insectere
933 4075 1114 4172 maligne.

215 4246 273 4316 Ex
297 4267 377 4339 qu0‚
405 4243 582 4316 conversis
609 4243 724 4330 rebus
752 4243 846 4316 mala
873 4251 1030 4340 tempora
1056 4244 1161 4340 luges

1102 4799 1412 4926 ddssssssssd
