3246 5314
754 447 949 521 ——20--

345 677 538 776 Arripiant.
564 677 707 751 Praesto
733 677 809 775 pini
835 685 890 748 est
914 695 1024 772 grave
1050 670 1154 746 robur
1180 671 1323 748 acerbae
1471 699 1531 754 335

344 849 443 932 Quae
468 869 592 944 nempe
618 844 746 919 tuditis
772 869 957 919 conversas
984 843 1113 942 accipit
1138 841 1203 917 alti

344 1016 510 1105 Formas3
537 1013 621 1086 huic
649 1012 744 1086 omni
769 1012 881 1085 veluti
908 1011 1066 1086 dentalia
1092 1011 1193 1087 dorso

350 1182 498 1255 Alterno
521 1181 654 1280 passim
681 1189 850 1280 aptantur
874 1181 966 1255 firmi
991 1181 1111 1255 ordine
1137 1182 1239 1255 clavi.

350 1354 446 1448 Ergo
471 1375 541 1448 qua
567 1359 710 1424 truncos
736 1352 882 1450 capiunt
908 1352 1042 1426 sedisse
1067 1377 1227 1438 caverna,

350 1527 461 1597 Arma
486 1521 615 1608 ferunt,
643 1522 746 1595 nexis
773 1522 901 1596 vinclis
928 1546 1101 1621 suspensa
1126 1546 1187 1621 per
1211 1546 1349 1621 aequor,
1478 1553 1539 1606 340

350 1694 625 1793 Accinguntque
650 1693 755 1792 operi,
783 1693 891 1768 donec
916 1695 953 1767 vi
978 1695 1071 1768 iacta
1097 1693 1272 1792 magistra

350 1865 490 1938 Limcso
514 1864 689 1937 extricent
714 1863 932 1938 certantibus
957 1887 1090 1963 aggere
1117 1863 1239 1949 clavia,

353 2037 403 2107 Et
424 2032 582 2133 praedas,
609 2057 699 2131 quae
725 2031 812 2106 forte
838 2042 994 2119 manent,
1021 2033 1060 2104 in
1086 2042 1165 2106 tuta
1192 2041 1371 2131 reponant.

354 2203 418 2276 Sin
443 2227 523 2277 vero
547 2202 692 2277 obiectis
720 2227 820 2277 caeco
845 2202 912 2276 sub
937 2203 1084 2300 gurgite
1109 2203 1267 2286 inhaesit

355 2375 538 2451 Cautibus
557 2375 761 2473 impingens
785 2373 956 2471 piscatrix
980 2373 1158 2460 maehina,
1185 2372 1307 2446 ductor
1482 2405 1544 2459 345

355 2547 503 2620 Diversa
528 2552 694 2642 expertus
720 2553 858 2616 turmae
883 2541 1121 2616 instrumenta
1146 2549 1307 2639 capessat

302 2777 306 2784 .
355 2714 483 2800 Edicit,
510 2713 725 2810 frangetque
749 2712 895 2810 agitans
921 2713 1037 2811 capita
1064 2736 1187 2811 aspera
1214 2711 1304 2784 saxi.

355 2889 458 2958 Iussa
483 2882 588 2956 facit:
617 2882 775 2980 scopulos
802 2881 873 2954 iam
900 2907 1005 2980 supra
1031 2881 1164 2954 ferreus
1190 2888 1295 2977 urget

357 3052 540 3128 Circulus:
569 3049 732 3148 impositu
755 3048 870 3147 gemit
895 3050 967 3123 alto
993 3048 1142 3148 pondere
1168 3055 1282 3146 rupee,

358 3225 649 3319 Responsantque
675 3242 809 3317 specus,
834 3218 998 3293 rabidum
1016 3219 1123 3291 simul
1140 3221 1282 3290 aestuat
1299 3239 1438 3313 aequor.
1481 3250 1549 3306 350

360 3387 494 3461 Ictibus
520 3385 677 3460 assiduis
704 3386 846 3459 tandem
872 3387 1040 3460 convulsa
1067 3385 1240 3458 fatiscunt

362 3560 514 3654 Scrupea
540 3581 639 3642 saxa,
664 3565 823 3653 rotatque
850 3578 965 3628 morae
991 3553 1056 3627 tali
1082 3554 1196 3628 inscia
1221 3563 1322 3652 pacto

361 3729 497 3823 Ergata
522 3727 742 3823 permittunt,
770 3728 922 3800 resoluta
949 3725 1109 3823 ambage,
1137 3725 1313 3799 rudentes.

217 4013 366 4024 bna—an.-

270 4168 300 4212 V.
314 4168 413 4212 335-38.
424 4167 476 4212 Cur
486 4167 546 4211 huic
557 4168 726 4212 instrumento
736 4169 904 4215 vernaculum
913 4176 1003 4211 nomen
1014 4169 1100 4212 Sbirro
1110 4165 1208 4210 factum
1218 4168 1260 4220 sit,
1271 4165 1346 4210 facile
1356 4165 1548 4222 intelligitur.

270 4239 300 4282 V.
314 4239 413 4326 348-149.
428 4239 514 4292 Vulgo
535 4239 706 4294 Pertranseunt
721 4241 764 4285 XO
779 4241 882 4283 circiter
895 4238 1159 4294 Chiliogremmatum,
1174 4239 1205 4280 ut
1215 4239 1297 4292 aiunt,
1312 4237 1410 4292 pandus
1421 4248 1544 4293 aequat.
