3246 5314
763 463 959 532 ...38—

350 698 398 769 Et
424 695 532 780 vebia,
559 718 647 792 quos
673 691 792 790 pulvis
819 689 936 764 adhuc
961 691 1156 764 Vesuvinus
1182 691 1340 789 inurget,

352 862 529 938 Invidisse
545 824 628 936 'reor
653 868 771 933 vestra
797 857 841 932 de
867 858 976 956 stirpe
1002 868 1180 957 superstes
1476 886 1535 941 165
1605 914 1614 966 J

358 1038 450 1108 Tum
474 1057 601 1132 genus
629 1041 665 1105 et
689 1037 860 1130 quotquot
889 1029 1006 1104 subito
1031 1053 1092 1128 per
1119 1055 1207 1104 saxa
1232 1053 1294 1128 per
1319 1029 1431 1127 ignes

350 1202 474 1275 Vitam
499 1200 710 1274 exhalantes
736 1201 887 1298 patriam
915 1200 1129 1294 (miserabile
1156 1201 1250 1298 visu)

351 1372 521 1444 Eversam
550 1379 716 1478 stupuere
742 1370 818 1443 suis
845 1368 1024 1445 considere
1049 1369 1214 1444 flammis

349 1541 452 1612 Eheu
478 1538 631 1612 erudelis
656 1563 764 1636 quam
790 1538 904 1611 multa
933 1537 973 1609 in
999 1537 1159 1636 imagine
1184 1539 1303 1612 luctus

349 1712 484 1816 Restat,
513 1734 651 1783 summa
676 1707 752 1782 dies
778 1708 896 1782 urbis!
925 1708 1020 1793 Quin
1046 1709 1207 1806 protinus
1232 1709 1307 1808 ipse
1477 1738 1534 1792 170

351 1879 489 1953 Cuncta
515 1879 626 1954 oculis
654 1879 827 1978 equidem,
857 1880 989 1952 sineret
1013 1903 1114 1954 mens
1139 1881 1262 1954 territa
1288 1881 1384 1970 visu,

347 2051 585 2148 Perlegerem:
613 2051 819 2125 meminisse
844 2050 962 2125 horret
990 2059 1042 2124 tet
1068 2051 1193 2124 funera
1218 2060 1373 2125 tentum.

192 2213 299 2331 tlt.
349 2221 444 2318 Ergo
468 2219 621 2318 gradum
649 2220 734 2294 hine
759 2219 842 2293 effer
867 2243 1014 2305 meeum,
1041 2219 1183 2319 lateque
1208 2221 1322 2294 viator

346 2390 484 2488 Inspice
508 2415 599 2488 quas
626 2390 728 2476 alias,
755 2388 917 2487 Pompeis
942 2387 1102 2486 proxima
1130 2388 1281 2475 adustis,

349 2557 493 2630 Fundat
519 2582 599 2656 opes
624 2559 743 2631 tellus.
769 2557 836 2630 Hic
862 2557 936 2630 iam
961 2557 1061 2632 modo
1086 2557 1219 2632 discere
1244 2567 1385 2656 tempus
1470 2589 1528 2645 175

351 2727 463 2811 Quem
489 2726 625 2799 cultum
651 2727 807 2825 coelique
830 2728 986 2826 plagam,
1013 2738 1049 2802 et
1073 2753 1166 2827 quae
1193 2729 1347 2827 postulet
1374 2756 1466 2804 arva

348 2897 422 2970 Nos
448 2920 565 2995 penes
592 2905 633 2970 ut
659 2896 798 2970 fruticis
825 2898 937 2996 proles
965 2898 1137 2972 inolescat
1161 2899 1321 2974 honesta.

351 3067 444 3136 Sunt
469 3062 544 3138 loca
570 3064 732 3163 Gossipio
757 3064 965 3151 laetissima,
992 3066 1091 3139 crede
1117 3068 1257 3154 colonis,

350 3232 468 3306 Mollis
486 3233 558 3320 ubi,
585 3242 623 3306 at
640 3258 711 3308 n0n
735 3234 884 3332 pinguis
903 3235 1053 3308 humus:
1082 3235 1210 3309 dehinc
1227 3237 1386 3310 calculus
1406 3238 1523 3328 absit,
1615 3217 1616 3225 i

349 3405 423 3476 Nee
448 3402 568 3477 ieiuna
595 3403 703 3477 nimis
730 3404 884 3502 suspiret
909 3403 1033 3502 glarea
1059 3405 1245 3504 lymphas:
1469 3437 1525 3492 180
1606 3507 1610 3518 ¹

349 3574 497 3672 Frigora
522 3525 656 3648 devitet
682 3601 836 3673 campus,
868 3576 985 3674 sitque
1012 3575 1129 3649 editus
1155 3586 1295 3670 austr03

350 3741 476 3838 Aptior
501 3751 539 3814 at
563 3741 662 3839 ponti
686 3742 750 3840 qui
776 3767 882 3814 auras
908 3742 1057 3840 respiret
1082 3744 1230 3841 apricas.

349 3913 465 3995 Quare
491 3935 570 3984 vere
594 3936 700 3998 novoy
719 3936 830 4010 quum
856 3913 929 3986 iam
955 3938 1025 3986 nen
1051 3914 1206 4013 amplius
1233 3916 1330 3988 ullus

349 4080 500 4178 Cogitur
524 4081 563 4153 in
587 4082 745 4204 glaciem¹
766 4083 920 4181 rigidam
946 4077 1184 4158 intractabilis
1210 4110 1279 4172 aer,

348 4251 396 4322 Et
420 4252 546 4348 patriis
572 4276 722 4330 excussa
751 4256 869 4353 plagis
896 4280 933 4329 se
957 4256 1063 4331 fidere
1088 4259 1214 4356 pennis
1470 4293 1525 4348 185
1615 4317 1619 4342 ι
