3236 5306
779 438 975 507 ...84-

370 661 566 761 Exiguum,
591 663 720 737 retinet
745 665 777 737 si
802 673 880 762 post
907 662 1097 738 adoleverit
1121 663 1242 738 arbos:

369 833 468 916 Quae
492 832 557 920 vis,
585 855 630 906 ne
653 832 805 919 dubites,
832 833 965 932 repenti
991 841 1046 906 est
1070 833 1181 907 insita
1204 832 1351 920 broche,

367 1001 504 1099 Papilio
530 1001 603 1076 ales
629 1002 745 1088 habet,
772 1003 834 1100 qui
859 1011 968 1076 tortos
995 1001 1159 1100 fulgidus
1184 1001 1291 1098 orbes

369 1172 479 1268 Saepe
503 1169 594 1267 legit
618 1170 712 1244 dulci
738 1171 829 1244 lucis
853 1170 1021 1269 propioris
1046 1194 1171 1244 amore.

369 1340 465 1437 Ergo
491 1339 522 1412 si
548 1339 668 1414 lubeat
692 1340 814 1439 paucis
841 1339 1019 1414 absolvere
1044 1340 1154 1427 litem,
1245 1350 1248 1355 ’
1490 1367 1546 1421 315

370 1509 436 1582 Dic
459 1509 569 1584 mihi:
596 1511 652 1584 vis
678 1511 787 1583 animi
815 1534 906 1609 quac
931 1534 995 1584 nos
1021 1518 1146 1595 movet,
1172 1509 1300 1582 intima
1325 1510 1457 1595 menti,

368 1680 494 1777 Ipsane
520 1680 726 1754 simiolum?
751 1680 891 1777 negites
916 1679 948 1753 si
974 1679 1061 1754 forte
1085 1678 1238 1778 probare,

368 1849 410 1920 In
434 1849 571 1947 propria
596 1849 725 1949 poteris
751 1849 823 1923 iarn
849 1851 938 1964 pelle
964 1850 1141 1948 quiescere
1167 1859 1261 1924 tuto:

363 2017 478 2112 ¹Nulla
504 2044 608 2092 suum
634 2018 727 2093 dicet
752 2020 898 2118 posthac
922 2028 958 2092 te
982 2019 1096 2093 bestia
1121 2029 1283 2119 gnatum.

367 2188 431 2261 Sin
457 2210 568 2277 secus,
595 2189 669 2288 ipse
694 2191 801 2264 miser
824 2191 940 2287 legem
966 2190 1004 2261 in
1029 2198 1065 2262 te
1090 2190 1191 2287 ponis
1216 2189 1390 2288 iniquam.
1484 2217 1539 2272 320

368 2359 442 2432 Nec
467 2358 572 2432 refert
597 2359 773 2434 hominem
799 2369 835 2433 te
859 2359 981 2433 audire
1006 2358 1187 2432 lubentius
1212 2383 1288 2433 ore:

367 2530 448 2602 Non
474 2529 638 2602 decorant
662 2530 800 2628 pulchri
827 2530 918 2603 male
945 2538 1030 2604 nata
1055 2529 1100 2604 ab
1125 2529 1262 2628 origine
1288 2530 1429 2605 vultus:

368 2701 417 2770 At
442 2697 519 2784 tibi,
545 2707 581 2770 te
606 2698 706 2796 cupio
732 2699 885 2773 invitum
912 2722 1060 2784 servare,
1087 2723 1228 2772 necesse

366 2867 515 2942 Vincere
539 2868 616 2955 erit,
643 2867 674 2941 si
700 2868 840 2966 quando
865 2877 965 2941 tuam
991 2867 1091 2941 vaira
1117 2868 1221 2941 simia
1246 2877 1400 2942 mentem

226 3033 232 3046 ⁸
365 3035 572 3109 Protulerit:
599 3035 739 3109 miseris
765 3059 844 3134 spes
870 3036 956 3108 haec
982 3044 1036 3108 est
1061 3060 1133 3107 una
1160 3035 1298 3108 salutis,
1479 3064 1532 3119 325

368 3206 518 3292 ebone,
545 3216 756 3305 compertum
783 3232 894 3307 nuper
918 3208 1036 3306 procul
1063 3217 1188 3280 excute
1213 3206 1345 3282 foedus.

367 3373 465 3458 Quod
491 3401 663 3473 magnum
689 3377 832 3450 molitur
857 3378 971 3474 opus?
995 3375 1071 3466 dic;
1098 3376 1230 3472 fingere
1255 3399 1432 3473 quaenam

368 3541 479 3618 Simia
504 3541 688 3639 perdidicit
713 3543 880 3641 crepidas
907 3567 1091 3640 unguesve
1116 3543 1248 3642 pilosve

366 3710 523 3782 Ponere?
548 3720 638 3808 quae
664 3711 732 3785 sibi
759 3711 893 3785 struxit
918 3711 1033 3784 adhuc
1058 3734 1206 3797 enorme,
1233 3711 1372 3808 capillis

365 3874 530 3975 Undique
553 3876 701 3963 collatis,
728 3877 875 3976 pondus,
901 3887 1035 3952 retrove
1062 3878 1177 3974 coegit

365 4043 550 4119 Reticulo?
574 4046 682 4120 Novit
708 4069 785 4120 sese
809 4045 1009 4120 defendere:
1038 4055 1076 4118 at
1102 4045 1175 4132 illa,

364 4214 479 4298 Quum
505 4223 566 4300 tot,
593 4214 806 4289 commodius
833 4215 1002 4299 morituri,
1030 4215 1231 4286 invenimus
1257 4238 1366 4297 arma,
