3236 5306
393 691 531 765 Musico
556 699 593 764 et
620 691 755 766 interea
781 692 921 766 veheris
947 701 1139 790 praeeunte
1164 692 1329 792 maniplo.

804 465 1002 534 -os-

390 859 576 933 Extructis
602 859 790 957 splendent
815 860 914 932 laute
942 859 1105 934 convivia
1129 860 1296 972 mensis

390 1030 458 1104 Hic
483 1039 624 1129 pateras
650 1031 812 1128 interque
837 1029 940 1129 dapis
968 1029 1113 1104 meliora
1138 1029 1298 1104 vicissim

388 1202 458 1274 Res
482 1208 609 1298 gestae
634 1223 830 1299 nomenque
854 1209 959 1274 tuum
985 1200 1191 1275 celebratur.
1218 1206 1268 1276 At
1295 1201 1374 1300 ipse

391 1369 465 1444 Vix
491 1369 579 1443 haec
606 1368 766 1444 suffusus
792 1378 928 1470 repetes
953 1369 1065 1444 nimio
1089 1395 1150 1445 ora
1174 1368 1323 1469 pudore:

394 1565 415 1612 «
427 1537 521 1624 Quid
547 1538 646 1613 vobis
674 1539 880 1638 patriaeque
904 1538 1014 1613 dedi?
1038 1538 1172 1613 maiora
1197 1538 1339 1638 rogabo,

391 1710 466 1782 Vos
492 1707 592 1782 modo
616 1709 756 1807 patroni
782 1718 903 1783 teneat
927 1709 1058 1783 fidncia
1083 1711 1194 1785 ratri
1206 1739 1238 1784 ›>.

391 1880 492 1950 Tune
515 1878 704 1976 geminant
730 1902 842 1965 voees,
869 1903 960 1952 nova
985 1887 1072 1952 tune
1098 1879 1168 1954 sibi
1194 1881 1280 1954 vina
1305 1887 1486 1954 coronant.

390 2048 419 2120 Ο
444 2046 570 2144 epulae
595 2045 860 2145 hospitiumque
884 2047 1021 2121 virum!
1049 2050 1151 2122 Tunc
1176 2047 1311 2122 discere
1337 2073 1428 2122 sane

388 2217 459 2288 Fas
485 2216 552 2288 erit
577 2241 624 2288 an
650 2215 750 2289 vobis
775 2214 913 2314 aliquid
939 2214 1023 2289 data
1052 2240 1200 2290 munera
1225 2217 1373 2315 prosint.
1590 2275 1591 2330 q

390 2389 487 2460 Haec
512 2385 580 2460 tibi
606 2408 698 2484 quae
722 2385 834 2458 cecini
859 2383 1034 2457 evenient.
1061 2384 1099 2457 Si
1125 2383 1268 2483 qnando
1294 2385 1403 2484 (quod
1429 2383 1530 2476 absit)

389 2555 597 2632 Posthabito
621 2555 758 2654 popule,
783 2577 939 2653 proceres
965 2553 1150 2628 defendere
1176 2555 1309 2642 insono,

391 2732 527 2824 Aspera
554 2725 614 2798 sic·
630 2747 771 2797 moveas
797 2721 877 2797 odia
904 2731 946 2795 ut
969 2731 1005 2796 te
1031 2722 1199 2797 excludat
1222 2724 1268 2798 ab
1294 2725 1403 2813 Aula,

392 2894 496 2969 Mitte
522 2893 640 2993 queri:
666 2856 797 2968 Romae
821 2890 982 2965 reducem
1012 2892 1225 2992 penitusque
1250 2894 1398 2970 beatum

338 3023 341 3028 Ι
392 3068 434 3138 In
460 3090 525 3138 sua
551 3072 587 3136 te
611 3061 764 3159 excipiet
791 3058 972 3145 subsellia,
999 3059 1142 3146 Quinte,
1169 3065 1332 3136 Senatus.
