3246 5314
753 492 925 560 ...8,-

337 735 473 812 Armet,
501 735 536 798 et
563 726 601 796 in
626 722 782 806 totidem,
809 719 947 818 pepigit
972 743 1062 816 quae
1089 722 1254 816 praemia,
1283 719 1443 819 spondet,

335 898 584 991 Quaecumque
610 893 783 964 incertum
809 897 952 961 maneat
977 887 1120 960 fortuna
1146 891 1326 986 periclum.

335 1066 410 1137 Nee
435 1087 530 1136 mora
557 1062 671 1134 enim:
698 1085 793 1131 nune
811 1067 950 1157 tempus
978 1059 1092 1156 aquis,
1113 1086 1208 1134 nune
1234 1063 1371 1136 eredere
1392 1074 1527 1138 vento.

337 1231 500 1307 Funibus
526 1237 678 1303 arrectas
705 1235 840 1324 aptant,
868 1226 1066 1324 plausuque
1092 1229 1276 1303 faventum

336 1401 531 1498 Lignorum
559 1396 864 1493 subduntlapsus
892 1419 952 1492 per
979 1422 1066 1468 saxa
1094 1399 1244 1471 carinae.

337 1571 451 1666 Urget
476 1566 632 1640 naucleri
659 1565 790 1637 eireum
817 1565 1036 1661 praesentia3
1064 1566 1183 1640 vinela

339 1739 470 1834 Stupea
496 1735 630 1809 robusti
657 1733 821 1807 cohibent
847 1731 931 1804 hinc
958 1732 1039 1805 inde
1065 1735 1197 1808 lacerti.

338 1905 551 2002 lamgemit
576 1903 657 1976 axis
684 1901 785 1974 humi
811 1901 916 1987 fixus
945 1902 1188 2001 trochleaeque
1217 1905 1334 2016 tepori

338 2077 438 2146 Fune
464 2083 601 2172 negant
626 2072 773 2172 cymbae
799 2071 971 2144 reditum:
1001 2072 1098 2145 subit
1124 2073 1197 2159 illa,
1223 2072 1392 2145 rudentes

336 2244 523 2349 Larantur
549 2243 692 2328 sensim,
719 2267 760 2314 ae
789 2241 901 2313 veluti
928 2240 1139 2315 elamoribus
1165 2252 1245 2314 aeta

338 2411 476 2486 Scindit
501 2437 624 2511 aquas,
652 2419 838 2509 spumante
865 2410 949 2496 salo,
976 2419 1011 2481 et
1037 2410 1231 2507 prolabitur
1256 2410 1374 2483 undis.

337 2580 538 2653 Disiunetis
566 2603 675 2652 naves
701 2603 746 2651 en
773 2577 918 2650 adstant
943 2576 1138 2651 frontibus:
1166 2579 1274 2652 armis

339 2747 528 2845 Extemplo
553 2755 690 2820 certant
714 2745 935 2843 dapibusque
961 2769 1103 2820 onerare
1128 2747 1299 2832 vicissim,

338 2919 437 3001 Quae
462 2916 591 2989 fallant
617 2915 712 2988 avidi
739 2924 882 2988 tantum
907 2916 1041 2988 ieiunia
1068 2915 1226 3007 uentris3

337 3090 462 3172 Assae,
489 3085 595 3183 nigra
620 3109 723 3172 corea,
750 3087 930 3184 multoque
957 3086 1127 3185 foramine
1153 3085 1288 3170 ofellae,

338 3255 386 3327 Et
411 3254 510 3339 viles,
538 3255 677 3328 miseris
703 3256 829 3328 solatia
854 3265 969 3352 grata,
1001 3255 1149 3352 phaseli.

338 3424 476 3494 Interea
502 3423 646 3519 gemino
670 3423 726 3495 bis
752 3423 873 3520 quinis
900 3424 1033 3520 remige
1061 3424 1183 3496 nautis

338 3595 446 3666 Foeta
472 3594 581 3685 ratis3
608 3595 754 3667 sortitus
780 3619 867 3691 opus
893 3594 991 3691 prius
1019 3594 1094 3690 ipse
1120 3593 1289 3690 maniplis

337 3764 457 3859 Puppe
483 3763 655 3859 magister
681 3761 800 3853 adest;
827 3762 930 3834 iuxta
957 3785 1051 3858 puer,
1079 3787 1139 3834 ora
1165 3762 1338 3859 magistro

340 3930 542 4018 lutondans,
569 3933 631 4030 qui
658 3931 757 4004 iussa
784 3931 884 4017 ferat,
913 3933 969 4004 vel
996 3932 1095 4004 iussa
1123 3930 1299 4004 secundet.
1473 3961 1543 4019 105

338 4103 542 4196 Aggressas
570 4101 714 4199 paribus
742 4100 862 4173 eredas
890 4101 1093 4197 contingere
1120 4125 1230 4173 naves

337 4269 494 4366 Legibus
520 4271 605 4343 hine
631 4272 795 4368 Capreas,
824 4297 913 4343 saxa
939 4279 1003 4342 aut
1029 4281 1216 4368 praerupta
1243 4271 1448 4356 Mineruae,
