3236 5306
456 903 745 1001 PROTEUS
780 901 997 998 ALTER

677 1163 775 1172 --—-

191 1568 328 1651 Putre,
354 1564 513 1652 Censor,
540 1569 708 1651 Tuumne,
736 1566 895 1652 Uuuusn,
922 1563 1077 1651 Censes,
1104 1566 1258 1640 Buurus.

273 1876 335 1947 Pr.
351 1873 421 1959 Qui
440 1873 621 1971 strepitus,
639 1873 881 1972 fremitusque!
903 1872 1054 1960 Charon,
1073 1872 1204 1948 aceede:
1222 1873 1382 1947 tumultu

222 2045 346 2143 Nuper
372 2045 450 2118 visa
475 2044 566 2118 mihi
592 2043 731 2118 misceri
757 2067 879 2142 regna.
906 2043 1047 2118 lubenti

223 2211 352 2300 Redde,
377 2237 456 2310 ege,
480 2213 687 2287 veru-Cu.
715 2213 838 2286 Novus
855 2238 965 2312 quum
982 2239 1078 2288 nunc
1094 2214 1256 2288 diversus
1273 2213 1386 2288 abiret

193 2467 196 2476 Ἰ
227 2384 467 2456 Transvectus
494 2405 631 2456 meeum
658 2391 788 2469 coetus
815 2383 979 2479 litusque
997 2391 1150 2457 tenerem

227 2554 306 2650 Ipse
331 2575 459 2639 meum,
485 2551 630 2651 quidam
658 2551 782 2624 furtim
808 2552 960 2626 transire
986 2552 1151 2651 paludem

227 2721 385 2795 Furcifer
409 2730 465 2796 est
491 2724 725 2796 ausus—Pr.
753 2725 859 2796 Recte
884 2747 962 2798 mea
989 2747 1101 2822 regnu
1126 2724 1238 2798 tueris

230 2891 498 2966 otone-cn.
525 2895 582 2965 Me
608 2915 689 2967 vero
715 2891 813 2965 vafer
839 2892 907 2966 iste
934 2892 1114 2992 superbiat
1138 2919 1233 2966 unus

229 3061 536 3160 Decepisse.-—Pn.
562 3065 675 3136 Suum
701 3087 828 3136 nemen
854 3085 970 3135 nonne
995 3061 1238 3138 edidis-Or.
1260 3065 1308 3136 Ut
1332 3087 1389 3137 me

232 3231 422 3327 Deceptum
450 3229 562 3302 sensit
590 3257 609 3302 «
622 3232 835 3330 Magnorum
862 3253 906 3303 ex
931 3229 1051 3304 ordine
1076 3254 1201 3328 regum

232 3399 373 3472 Tertius
398 3399 579 3496 ingredior
604 3398 748 3473 Plutoni
775 3399 907 3476 credita
933 3423 1044 3497 regna
1057 3429 1077 3473 »

231 3571 326 3641 Haec
353 3569 416 3641 uit.
441 3573 624 3642 Incessum
651 3573 879 3667 (quamquam
905 3569 992 3668 pede
1017 3571 1176 3658 claudus
1203 3580 1239 3644 et
1263 3595 1319 3645 ore

230 3742 373 3850 Luteus
392 3747 499 3836 atque
523 3739 614 3812 mihi
641 3763 727 3812 naso
753 3737 966 3837 spectandus
992 3738 1145 3835 adesset)

233 3907 421 4006 Obstupui,
448 3917 490 3980 ut
515 3909 607 3981 claro
634 3909 719 3982 creti
744 3888 994 4005 de'sanguine
1018 3932 1153 4006 regum.

233 4082 368 4151 Verum
392 4103 502 4175 quum
529 4077 681 4176 primum
708 4077 807 4151 sedes
833 4074 1013 4150 contendit
1039 4077 1084 4149 ad
1110 4077 1211 4161 imas,

232 4248 374 4322 Inscius
400 4248 532 4345 accipie
557 4249 674 4328 varies
699 4248 783 4320 hinc
808 4246 889 4319 inde
915 4271 1079 4320 susurros
