3246 5314
640 433 836 501 ,13-

234 667 312 762 lpse
337 670 464 760 stupet,
491 687 616 734 cursus
642 661 786 746 iterans,
812 660 868 732 vel
893 669 1004 733 nauta
1029 663 1221 759 quotannis

230 833 413 905 Invenisse
438 855 540 917 nova,
566 839 602 903 et
626 829 789 928 gaudens
816 853 907 902 nova
931 830 1075 903 nomina
1102 831 1236 928 signat.

148 1037 178 1073 ·.
233 1007 419 1076 Armorum
444 1002 504 1074 hic
528 1002 625 1075 locus
651 1001 829 1098 ingeniis3
854 1024 923 1099 quo
949 999 1037 1073 forte
1061 1009 1230 1099 parentur
1344 1028 1394 1083 190

228 1171 367 1258 Ordine,
394 1172 456 1270 qui
482 1172 594 1244 iacere
619 1179 654 1244 et
679 1170 742 1269 qui
770 1170 817 1243 sit
842 1169 1021 1256 deducere,
1048 1168 1176 1268 praeda

229 1341 420 1438 Congesta,
445 1339 580 1414 modus.
607 1343 725 1437 Atque
750 1338 912 1438 equidem
937 1363 1008 1412 non
1032 1339 1153 1413 mollia
1179 1337 1288 1426 dictu,

227 1511 266 1583 si
291 1521 411 1585 tamen
436 1510 585 1608 antiqua
615 1509 759 1607 signare
784 1517 869 1582 nota
895 1507 1016 1582 abdita
1044 1531 1170 1594 rerum,

225 1682 274 1753 Et
299 1659 486 1754 nova'iam
512 1679 644 1778 possim
670 1679 845 1777 spectacla
869 1701 1019 1776 aequare
1044 1677 1210 1765 canende,

224 1849 434 1948 Adgrediar.
459 1850 574 1924 Simul
600 1858 656 1924 est
680 1851 807 1949 pelago
833 1859 973 1948 captare
999 1850 1128 1925 corella
1339 1877 1390 1932 195

222 2025 423 2108 Inventum,
450 2029 486 2094 et
510 2020 663 2118 primam
689 2028 822 2093 nautae
847 2019 964 2116 legere
989 2042 1049 2117 per
1074 2027 1196 2102 artem,

225 2190 315 2285 (Quo
340 2198 460 2262 manet
483 2186 682 2262 Ausoniam
707 2187 780 2260 iam
806 2186 892 2261 facti
918 2187 1013 2261 fama
1039 2190 1205 2280 vetusta)

224 2357 362 2456 Lignea
389 2356 527 2430 suffecit
553 2313 705 2444 tantum,
732 2357 885 2456 vilisque
911 2357 1089 2454 supellex;

221 2528 271 2600 Et
296 2536 430 2600 veteres
455 2526 621 2625 quamvis
647 2534 751 2612 artes,
779 2524 1003 2616 volventibus
1028 2522 1144 2610 annis,
1197 2558 1200 2564 ¹

219 2695 420 2782 Extuderit,
447 2696 608 2768 cultusve
634 2695 798 2793 frequens
823 2695 1025 2782 mutaverit,
1052 2719 1151 2770 arma
1331 2715 1384 2772 200

220 2864 340 2938 Prima
365 2875 497 2953 tenent,
525 2891 741 2964 quamquam
767 2865 859 2939 docti
885 2866 1039 2952 meliora,
1065 2875 1230 2940 recentes

219 3037 354 3135 Nempe
379 3046 434 3110 est
459 3045 684 3110 transversus
710 3061 849 3134 compar
873 3035 936 3109 vix
962 3061 1057 3108 unus
1083 3043 1119 3108 11
1144 3035 1234 3107 11111
1300 3074 1304 3078 -

220 3207 392 3293 Truncus,
418 3207 563 3280 metitur
587 3231 691 3305 quem
719 3230 823 3305 saepe
848 3205 1066 3305 decempeda,
1092 3214 1128 3278 et
1154 3229 1274 3279 omnes

218 3374 448 3449 Circumeunt
472 3374 587 3449 costas
614 3376 743 3452 ferrato
768 3376 873 3449 dente
899 3377 1063 3475 capistra.

213 3543 285 3616 His
310 3544 465 3618 medium
490 3546 626 3620 truncis
652 3547 800 3622 immani
825 3547 974 3646 pondere
1000 3573 1128 3620 saxum
1329 3573 1383 3628 205

210 3711 390 3798 Nectitur,
416 3721 458 3786 ut
483 3713 600 3787 subito
625 3714 797 3812 piscatrix
822 3715 954 3813 pertica
980 3716 1097 3788 arenis
1140 3795 1143 3802 ,

108 4029 138 4072 V.
152 4028 203 4074 201.
220 4027 319 4073 Paucis
328 4028 420 4070 abhinc
434 4029 508 4072 annis
518 4030 677 4083 propositum
688 4032 735 4082 est,
746 4031 777 4073 ut
791 4030 936 4074 urinatores
945 4031 1135 4084 adhiberentur,
1149 4031 1229 4076 lorica
1243 4031 1377 4087 glutinosa

62 4101 159 4150 penitus
173 4098 289 4150 defensi,
305 4100 332 4140 et
346 4099 427 4142 vitreo
438 4100 469 4143 ad
483 4099 576 4143 faciem
585 4102 736 4156 tegumento
750 4103 872 4156 apposito.
884 4102 931 4147 Sed
946 4102 1057 4146 frustra:
1073 4104 1157 4147 obstat
1170 4105 1238 4147 enim
1251 4103 1377 4147 maiorum

62 4171 173 4214 studium
188 4173 217 4214 et
234 4169 336 4220 cultus,
352 4170 502 4222 praesertim
516 4171 583 4226 apud
598 4173 675 4214 rudes
689 4171 810 4224 nomines,
826 4172 895 4214 haud
909 4170 985 4216 facile
998 4173 1172 4218 dimovendus.

109 4245 137 4287 V.
150 4243 260 4289 ziz-14.
276 4241 431 4286 Huiusmodi
446 4243 647 4286 instrumentum
663 4242 773 4296 [arcano
788 4243 869 4297 vulgo
883 4247 1063 4297 nuncupatur.
