3236 5306
765 441 961 512 —80-

358 670 447 741 Esse
473 668 590 753 velim,
615 692 706 766 quae
731 693 839 766 parva
864 668 962 767 fugit
988 677 1165 742 contracta
1191 677 1398 742 retrorsum:
1488 699 1551 753 225

356 839 438 912 Non
467 837 633 914 manibus
658 847 794 936 reptare
820 837 937 923 velim,
966 836 997 910 si
1023 838 1100 911 iure
1125 797 1281 913 vocanda

358 1007 439 1081 Sint
464 1008 526 1094 ita,
551 1032 642 1106 quae
667 1016 792 1094 movet,
818 1005 1012 1082 extendens
1037 1005 1224 1094 sebastia,
1251 1006 1421 1080 membra.

358 1179 454 1250 Haec
479 1176 554 1250 vice
579 1201 682 1276 saepe
706 1202 835 1252 manus
861 1175 968 1275 fungi
994 1200 1065 1251 non
1090 1176 1167 1276 ipse
1190 1176 1345 1274 negabo:

360 1349 430 1418 Ast
454 1344 545 1418 mihi
569 1369 729 1444 quaeque
755 1370 860 1419 suum
885 1353 1031 1418 teneant
1056 1368 1135 1418 mea
1161 1344 1315 1420 membra
1332 1344 1516 1420 decenter

357 1511 567 1610 Iampridem
593 1512 867 1599 sortiariarum,
894 1537 1023 1586 manus
1050 1521 1200 1612 utraque
1227 1539 1420 1601 summum,
1480 1544 1544 1598 230

358 1683 425 1755 Pes
451 1681 572 1754 imum.
599 1683 721 1756 Partes
749 1690 900 1780 atquae
924 1679 1008 1754 data
1033 1705 1181 1755 munera
1206 1682 1333 1782 cuique

358 1848 570 1924 Commodus
596 1849 692 1923 haud
718 1873 876 1948 unquam
902 1849 1018 1947 patiar
1042 1857 1181 1922 mutare
1206 1849 1376 1922 vicissim.
1470 1939 1473 1946 .

355 2018 462 2092 'Forte
487 2015 567 2089 viae
592 2014 721 2103 fessus,
747 2015 779 2088 si
803 2015 908 2089 raeda
934 2024 998 2088 aut
1024 2015 1147 2089 esseda
1173 1981 1351 2114 nusquam

360 2184 528 2270 Occurrit,
556 2184 675 2258 sedeo:
704 2185 869 2284 chiragra
895 2186 926 2259 si
952 2185 1094 2284 quando
1118 2185 1244 2272 laboro,

358 2355 424 2426 Est
449 2353 511 2452 qui
537 2353 636 2428 iussa
662 2354 752 2428 mihi
777 2353 886 2428 faciat
913 2354 1109 2428 famulatus
1133 2376 1255 2452 egeno.
1476 2385 1537 2439 235

359 2524 500 2594 Haecne
526 2522 616 2594 mihi
643 2531 785 2596 tantum
811 2533 953 2598 constat
978 2524 1155 2598 sententia
1180 2523 1324 2597 mente?

358 2690 462 2767 Hunc
479 2688 580 2764 modo
596 2713 700 2787 quem
719 2691 832 2766 sumis
856 2700 930 2765 tam
948 2691 1077 2764 humili
1096 2691 1163 2766 tibi
1189 2691 1303 2764 fronte
1326 2700 1534 2790 parentem,

360 2855 509 2953 Respuit
534 2856 663 2930 Oceani
689 2856 833 2955 vulgus,
861 2858 932 2952 (cui
957 2881 1085 2932 nomen
1110 2857 1155 2932 ab
1181 2866 1302 2931 austro

362 3023 538 3120 Fecimus)
564 3024 776 3099 horrendum
802 3025 892 3100 facie
916 3028 1087 3126 calvaque
1112 3027 1254 3125 pusilla.

361 3195 504 3279 Verum,
532 3194 563 3267 si
589 3194 706 3293 plebes
732 3194 857 3269 didicit
883 3195 1055 3295 suffragia
1083 3196 1181 3284 ferre,

362 3365 437 3436 Ista
462 3372 559 3460 puta,
585 3362 775 3438 dumtaxat
800 3364 844 3438 ad
871 3366 946 3449 hoc¹
959 3375 1002 3439 ut
1030 3366 1136 3440 simia
1160 3366 1303 3445 tandem

363 3535 487 3610 Discat
513 3547 635 3636 sponte
660 3537 764 3612 datas
791 3538 860 3613 sibi
885 3547 972 3637 quot
996 3537 1087 3613 ferat
1112 3564 1203 3613 urna
1226 3539 1387 3613 tabellas.

364 3707 434 3793 Qui
459 3667 589 3793 insani,
615 3707 681 3795 dic,
708 3717 814 3808 grata
838 3708 976 3783 dabunt
1002 3708 1204 3808 suffragia?
1227 3710 1315 3782 Nati

363 3879 478 3950 Iratae
503 3877 640 3951 veneri:
667 3877 837 3953 muliebre
860 3903 962 3953 omne
989 3879 1110 3978 excipe
1138 3879 1283 3977 vulgus

218 4123 283 4137 *nob-r
668 4127 1101 4136 *maana—affl...-

273 4289 303 4334 V.
316 4288 364 4335 238.
379 4287 499 4346 Intellige
512 4285 607 4345 ‘Nmms
622 4292 735 4336 hommes
750 4291 901 4342 Australiae,
914 4289 1026 4334 infimam
1040 4289 1151 4344 profecto
1166 4291 1298 4335 hominum
1311 4289 1432 4344 speciem.
